<?xml version="1.0" encoding="UTF-8"?>
<!DOCTYPE html PUBLIC "-//W3C//DTD XHTML 1.0 Transitional//EN"
    "http://www.w3.org/TR/xhtml1/DTD/xhtml1-transitional.dtd">
<html xmlns="http://www.w3.org/1999/xhtml" xml:lang="en" lang="en">
 <head>
  <title>
</title>
<meta http-equiv="Content-Type" content="text/html;charset=utf-8" />
  <meta name='ocr-system' content='tesseract 3.04.00' />
  <meta name='ocr-capabilities' content='ocr_page ocr_carea ocr_par ocr_line ocrx_word'/>
</head>
<body>
  <div class='ocr_page' id='page_1' title='image "./4626133_0024.png"; bbox 0 0 2273 3157; ppageno 0'>
   <div class='ocr_carea' id='block_1_1' title="bbox 0 0 1449 52">
    <p class='ocr_par' dir='ltr' id='par_1_1' title="bbox 0 0 1449 52">
     <span class='ocr_line' id='line_1_1' title="bbox 0 0 1449 52; baseline 0 3105"><span class='ocrx_word' id='word_1_1' title='bbox 0 0 1449 52; x_wconf 95' lang='lat' dir='ltr'> </span> 
     </span>
    </p>
   </div>
   <div class='ocr_carea' id='block_1_2' title="bbox 1058 282 1116 325">
    <p class='ocr_par' dir='ltr' id='par_1_2' title="bbox 1058 282 1116 325">
     <span class='ocr_line' id='line_1_2' title="bbox 1058 282 1116 325; baseline 0.017 -1"><span class='ocrx_word' id='word_1_2' title='bbox 1058 282 1116 325; x_wconf 89' lang='lat'>17</span> 
     </span>
    </p>
   </div>
   <div class='ocr_carea' id='block_1_3' title="bbox 972 340 1216 353">
    <p class='ocr_par' dir='ltr' id='par_1_3' title="bbox 972 340 1216 353">
     <span class='ocr_line' id='line_1_3' title="bbox 972 340 1216 353; baseline 0 0"><span class='ocrx_word' id='word_1_3' title='bbox 972 340 1216 353; x_wconf 95' lang='lat' dir='ltr'> </span> 
     </span>
    </p>
   </div>
   <div class='ocr_carea' id='block_1_4' title="bbox 972 355 1216 360">
    <p class='ocr_par' dir='ltr' id='par_1_4' title="bbox 972 355 1216 360">
     <span class='ocr_line' id='line_1_4' title="bbox 972 355 1216 360; baseline 0 0"><span class='ocrx_word' id='word_1_4' title='bbox 972 355 1216 360; x_wconf 95' lang='lat' dir='ltr'> </span> 
     </span>
    </p>
   </div>
   <div class='ocr_carea' id='block_1_5' title="bbox 203 403 2011 2757">
    <p class='ocr_par' dir='ltr' id='par_1_5' title="bbox 203 403 2000 1162">
     <span class='ocr_line' id='line_1_5' title="bbox 203 403 1996 459; baseline 0.001 -16"><span class='ocrx_word' id='word_1_5' title='bbox 203 405 401 445; x_wconf 87' lang='lat' dir='ltr'>limitibus</span> <span class='ocrx_word' id='word_1_6' title='bbox 428 407 830 447; x_wconf 82' lang='lat' dir='ltr'>circumscribendam</span> <span class='ocrx_word' id='word_1_7' title='bbox 859 422 945 447; x_wconf 87' lang='lat' dir='ltr'>esse</span> <span class='ocrx_word' id='word_1_8' title='bbox 971 406 1139 456; x_wconf 85' lang='lat' dir='ltr'>iisdem,</span> <span class='ocrx_word' id='word_1_9' title='bbox 1179 420 1282 459; x_wconf 88' lang='lat' dir='ltr'>quae</span> <span class='ocrx_word' id='word_1_10' title='bbox 1313 405 1381 444; x_wconf 89' lang='lat' dir='ltr'>ille</span> <span class='ocrx_word' id='word_1_11' title='bbox 1409 403 1625 457; x_wconf 73' lang='lat' dir='ltr'>congessit,</span> <span class='ocrx_word' id='word_1_12' title='bbox 1652 405 1849 459; x_wconf 85' lang='lat' dir='ltr'>exemplis</span> <span class='ocrx_word' id='word_1_13' title='bbox 1880 405 1996 445; x_wconf 88' lang='lat' dir='ltr'>doce-</span> 
     </span>
     <span class='ocr_line' id='line_1_6' title="bbox 204 468 1996 523; baseline 0.002 -16"><span class='ocrx_word' id='word_1_14' title='bbox 204 468 289 508; x_wconf 83' lang='lat' dir='ltr'>bar.</span> <span class='ocrx_word' id='word_1_15' title='bbox 341 470 505 510; x_wconf 80' lang='lat' dir='ltr'>Modum</span> <span class='ocrx_word' id='word_1_16' title='bbox 533 471 638 510; x_wconf 91' lang='lat' dir='ltr'>enim</span> <span class='ocrx_word' id='word_1_17' title='bbox 670 471 732 512; x_wconf 81' lang='lat' dir='ltr'>vir</span> <span class='ocrx_word' id='word_1_18' title='bbox 756 487 936 511; x_wconf 87' lang='lat' dir='ltr'>summus</span> <span class='ocrx_word' id='word_1_19' title='bbox 974 486 1021 510; x_wconf 89' lang='lat' dir='ltr'>eo</span> <span class='ocrx_word' id='word_1_20' title='bbox 1057 470 1155 510; x_wconf 86' lang='lat' dir='ltr'>mibi</span> <span class='ocrx_word' id='word_1_21' title='bbox 1194 470 1420 509; x_wconf 81' lang='lat' dir='ltr'>excessisse</span> <span class='ocrx_word' id='word_1_22' title='bbox 1439 468 1674 518; x_wconf 77' lang='lat' dir='ltr'>videbatur,</span> <span class='ocrx_word' id='word_1_23' title='bbox 1711 471 1820 523; x_wconf 87' lang='lat' dir='ltr'>quod</span> <span class='ocrx_word' id='word_1_24' title='bbox 1855 479 1996 510; x_wconf 79' lang='lat' dir='ltr'>cantus</span> 
     </span>
     <span class='ocr_line' id='line_1_7' title="bbox 205 531 1995 589; baseline 0.002 -17"><span class='ocrx_word' id='word_1_25' title='bbox 205 534 351 573; x_wconf 81' lang='lat' dir='ltr'>ducere</span> <span class='ocrx_word' id='word_1_26' title='bbox 386 534 489 573; x_wconf 86' lang='lat' dir='ltr'>nibil</span> <span class='ocrx_word' id='word_1_27' title='bbox 523 549 607 574; x_wconf 88' lang='lat' dir='ltr'>esse</span> <span class='ocrx_word' id='word_1_28' title='bbox 654 535 730 574; x_wconf 82' lang='lat' dir='ltr'>nisi</span> <span class='ocrx_word' id='word_1_29' title='bbox 760 549 903 574; x_wconf 79' lang='lat' dir='ltr'>canere</span> <span class='ocrx_word' id='word_1_30' title='bbox 930 550 1002 589; x_wconf 89' lang='lat' dir='ltr'>pro</span> <span class='ocrx_word' id='word_1_31' title='bbox 1030 534 1262 574; x_wconf 86' lang='lat' dir='ltr'>auctoritate</span> <span class='ocrx_word' id='word_1_32' title='bbox 1289 538 1650 574; x_wconf 51' lang='lat' dir='ltr'>sua-asseveraret.</span> <span class='ocrx_word' id='word_1_33' title='bbox 1707 531 1860 587; x_wconf 84' lang='lat' dir='ltr'><strong>Sponte</strong></span> <span class='ocrx_word' id='word_1_34' title='bbox 1888 536 1995 575; x_wconf 89' lang='lat' dir='ltr'>enim</span> 
     </span>
     <span class='ocr_line' id='line_1_8' title="bbox 205 596 1996 654; baseline 0.002 -18"><span class='ocrx_word' id='word_1_35' title='bbox 205 597 460 651; x_wconf 73' lang='lat' dir='ltr'>intelligitur,</span> <span class='ocrx_word' id='word_1_36' title='bbox 487 599 583 638; x_wconf 86' lang='lat' dir='ltr'>duas</span> <span class='ocrx_word' id='word_1_37' title='bbox 610 599 864 654; x_wconf 84' lang='lat' dir='ltr'>potissimum</span> <span class='ocrx_word' id='word_1_38' title='bbox 891 598 1115 652; x_wconf 74' lang='lat' dir='ltr'>singulares</span> <span class='ocrx_word' id='word_1_39' title='bbox 1146 598 1256 638; x_wconf 89' lang='lat' dir='ltr'>illius</span> <span class='ocrx_word' id='word_1_40' title='bbox 1283 596 1503 638; x_wconf 90' lang='lat' dir='ltr'>locutionis</span> <span class='ocrx_word' id='word_1_41' title='bbox 1531 604 1647 636; x_wconf 85' lang='lat' dir='ltr'>notas</span> <span class='ocrx_word' id='word_1_42' title='bbox 1674 596 1769 636; x_wconf 85' lang='lat' dir='ltr'>addi</span> <span class='ocrx_word' id='word_1_43' title='bbox 1797 599 1996 649; x_wconf 81' lang='lat' dir='ltr'><strong>debuisse,</strong></span> 
     </span>
     <span class='ocr_line' id='line_1_9' title="bbox 208 660 1996 718; baseline 0.002 -19"><span class='ocrx_word' id='word_1_44' title='bbox 208 675 377 715; x_wconf 80' lang='lat' dir='ltr'>quarum</span> <span class='ocrx_word' id='word_1_45' title='bbox 406 677 481 702; x_wconf 86' lang='lat' dir='ltr'>una</span> <span class='ocrx_word' id='word_1_46' title='bbox 508 664 605 703; x_wconf 85' lang='lat' dir='ltr'>hacc</span> <span class='ocrx_word' id='word_1_47' title='bbox 631 670 703 712; x_wconf 86' lang='lat' dir='ltr'>est,</span> <span class='ocrx_word' id='word_1_48' title='bbox 730 662 838 718; x_wconf 87' lang='lat' dir='ltr'>quod</span> <span class='ocrx_word' id='word_1_49' title='bbox 868 662 988 703; x_wconf 87' lang='lat' dir='ltr'>verbo</span> <span class='ocrx_word' id='word_1_50' title='bbox 1013 662 1158 702; x_wconf 75' lang='lat' dir='ltr'>ducere</span> <span class='ocrx_word' id='word_1_51' title='bbox 1186 661 1463 702; x_wconf 77' lang='lat' dir='ltr'>diuturnitatis</span> <span class='ocrx_word' id='word_1_52' title='bbox 1490 660 1579 701; x_wconf 88' lang='lat' dir='ltr'>sive</span> <span class='ocrx_word' id='word_1_53' title='bbox 1606 660 1728 714; x_wconf 81' lang='lat' dir='ltr'>spatii</span> <span class='ocrx_word' id='word_1_54' title='bbox 1753 661 1892 715; x_wconf 82' lang='lat' dir='ltr'>paullo</span> <span class='ocrx_word' id='word_1_55' title='bbox 1911 662 1996 702; x_wconf 91' lang='lat' dir='ltr'>lon-</span> 
     </span>
     <span class='ocr_line' id='line_1_10' title="bbox 208 724 1997 780; baseline 0.002 -18"><span class='ocrx_word' id='word_1_56' title='bbox 208 724 334 777; x_wconf 75' lang='lat' dir='ltr'>gioris</span> <span class='ocrx_word' id='word_1_57' title='bbox 361 726 468 766; x_wconf 90' lang='lat' dir='ltr'>notio</span> <span class='ocrx_word' id='word_1_58' title='bbox 496 727 618 778; x_wconf 65' lang='lat' dir='ltr'>inest,</span> <span class='ocrx_word' id='word_1_59' title='bbox 643 728 759 779; x_wconf 78' lang='lat' dir='ltr'>cujus</span> <span class='ocrx_word' id='word_1_60' title='bbox 786 727 1041 780; x_wconf 70' lang='lat' dir='ltr'>proprietatis</span> <span class='ocrx_word' id='word_1_61' title='bbox 1069 727 1352 766; x_wconf 82' lang='lat' dir='ltr'>documentum</span> <span class='ocrx_word' id='word_1_62' title='bbox 1381 726 1506 765; x_wconf 82' lang='lat' dir='ltr'>babes</span> <span class='ocrx_word' id='word_1_63' title='bbox 1535 724 1802 764; x_wconf 85' lang='lat' dir='ltr'>clarissimum</span> <span class='ocrx_word' id='word_1_64' title='bbox 1831 725 1997 766; x_wconf 87' lang='lat' dir='ltr'>locutio-</span> 
     </span>
     <span class='ocr_line' id='line_1_11' title="bbox 207 787 1999 843; baseline 0.001 -16"><span class='ocrx_word' id='word_1_65' title='bbox 207 802 298 827; x_wconf 85' lang='lat' dir='ltr'>nem</span> <span class='ocrx_word' id='word_1_66' title='bbox 328 788 435 828; x_wconf 91' lang='lat' dir='ltr'>illam</span> <span class='ocrx_word' id='word_1_67' title='bbox 462 790 729 830; x_wconf 82' lang='lat' dir='ltr'>notissimam:</span> <span class='ocrx_word' id='word_1_68' title='bbox 769 790 912 829; x_wconf 81' lang='lat' dir='ltr'>bellum</span> <span class='ocrx_word' id='word_1_69' title='bbox 939 791 1093 829; x_wconf 70' lang='lat' dir='ltr'>ducem.</span> <span class='ocrx_word' id='word_1_70' title='bbox 1147 790 1289 830; x_wconf 86' lang='lat' dir='ltr'>Altera</span> <span class='ocrx_word' id='word_1_71' title='bbox 1326 798 1442 839; x_wconf 84' lang='lat' dir='ltr'>nota,</span> <span class='ocrx_word' id='word_1_72' title='bbox 1482 804 1561 842; x_wconf 88' lang='lat' dir='ltr'>qua</span> <span class='ocrx_word' id='word_1_73' title='bbox 1597 787 1836 841; x_wconf 79' lang='lat' dir='ltr'>dignoscere</span> <span class='ocrx_word' id='word_1_74' title='bbox 1874 806 1999 843; x_wconf 90' lang='lat' dir='ltr'>queas</span> 
     </span>
     <span class='ocr_line' id='line_1_12' title="bbox 208 851 2000 908; baseline 0.002 -18"><span class='ocrx_word' id='word_1_75' title='bbox 208 852 372 891; x_wconf 79' lang='lat' dir='ltr'>verbnm</span> <span class='ocrx_word' id='word_1_76' title='bbox 399 853 562 907; x_wconf 76' lang='lat' dir='ltr'>aliquod</span> <span class='ocrx_word' id='word_1_77' title='bbox 589 854 758 908; x_wconf 80' lang='lat' dir='ltr'>simplex</span> <span class='ocrx_word' id='word_1_78' title='bbox 783 860 823 892; x_wconf 85' lang='lat' dir='ltr'>et</span> <span class='ocrx_word' id='word_1_79' title='bbox 846 853 1066 892; x_wconf 86' lang='lat' dir='ltr'>dictionem</span> <span class='ocrx_word' id='word_1_80' title='bbox 1095 867 1146 893; x_wconf 84' lang='lat' dir='ltr'>cx</span> <span class='ocrx_word' id='word_1_81' title='bbox 1172 854 1293 894; x_wconf 80' lang='lat' dir='ltr'>verbo</span> <span class='ocrx_word' id='word_1_82' title='bbox 1321 860 1359 893; x_wconf 89' lang='lat' dir='ltr'>et</span> <span class='ocrx_word' id='word_1_83' title='bbox 1377 852 1543 892; x_wconf 86' lang='lat' dir='ltr'>nomine</span> <span class='ocrx_word' id='word_1_84' title='bbox 1568 851 1845 905; x_wconf 82' lang='lat' dir='ltr'>compositam,</span> <span class='ocrx_word' id='word_1_85' title='bbox 1874 854 2000 907; x_wconf 80' lang='lat' dir='ltr'>priori</span> 
     </span>
     <span class='ocr_line' id='line_1_13' title="bbox 209 915 1998 971; baseline 0.003 -18"><span class='ocrx_word' id='word_1_86' title='bbox 209 915 271 954; x_wconf 89' lang='lat' dir='ltr'>illi</span> <span class='ocrx_word' id='word_1_87' title='bbox 302 916 444 955; x_wconf 77' lang='lat' dir='ltr'>adfinis</span> <span class='ocrx_word' id='word_1_88' title='bbox 471 924 541 967; x_wconf 86' lang='lat' dir='ltr'>est,</span> <span class='ocrx_word' id='word_1_89' title='bbox 566 918 635 956; x_wconf 89' lang='lat' dir='ltr'>sed</span> <span class='ocrx_word' id='word_1_90' title='bbox 667 916 839 971; x_wconf 81' lang='lat' dir='ltr'>propria.</span> <span class='ocrx_word' id='word_1_91' title='bbox 894 916 1170 970; x_wconf 78' lang='lat' dir='ltr'>Quaecunque</span> <span class='ocrx_word' id='word_1_92' title='bbox 1196 918 1289 957; x_wconf 76' lang='lat' dir='ltr'>daei</span> <span class='ocrx_word' id='word_1_93' title='bbox 1314 917 1524 965; x_wconf 87' lang='lat' dir='ltr'>dicuntur,</span> <span class='ocrx_word' id='word_1_94' title='bbox 1564 930 1647 954; x_wconf 86' lang='lat' dir='ltr'>non</span> <span class='ocrx_word' id='word_1_95' title='bbox 1676 915 1796 956; x_wconf 89' lang='lat' dir='ltr'>modo</span> <span class='ocrx_word' id='word_1_96' title='bbox 1824 932 1907 956; x_wconf 89' lang='lat' dir='ltr'>non</span> <span class='ocrx_word' id='word_1_97' title='bbox 1934 934 1998 958; x_wconf 84' lang='lat' dir='ltr'>su—</span> 
     </span>
     <span class='ocr_line' id='line_1_14' title="bbox 210 979 1998 1034; baseline 0.003 -17"><span class='ocrx_word' id='word_1_98' title='bbox 210 979 290 1018; x_wconf 77' lang='lat' dir='ltr'>bita</span> <span class='ocrx_word' id='word_1_99' title='bbox 317 986 407 1018; x_wconf 87' lang='lat' dir='ltr'>sunt</span> <span class='ocrx_word' id='word_1_100' title='bbox 431 986 469 1018; x_wconf 89' lang='lat' dir='ltr'>et</span> <span class='ocrx_word' id='word_1_101' title='bbox 493 983 713 1033; x_wconf 81' lang='lat' dir='ltr'>repentina,</span> <span class='ocrx_word' id='word_1_102' title='bbox 743 994 876 1032; x_wconf 89' lang='lat' dir='ltr'>neque</span> <span class='ocrx_word' id='word_1_103' title='bbox 903 980 1076 1019; x_wconf 86' lang='lat' dir='ltr'>abscissa</span> <span class='ocrx_word' id='word_1_104' title='bbox 1102 981 1186 1019; x_wconf 88' lang='lat' dir='ltr'>sive</span> <span class='ocrx_word' id='word_1_105' title='bbox 1213 981 1394 1034; x_wconf 88' lang='lat' dir='ltr'>abrupta,</span> <span class='ocrx_word' id='word_1_106' title='bbox 1420 994 1560 1019; x_wconf 86' lang='lat' dir='ltr'>verum</span> <span class='ocrx_word' id='word_1_107' title='bbox 1590 981 1900 1021; x_wconf 75' lang='lat' dir='ltr'>continuationis</span> <span class='ocrx_word' id='word_1_108' title='bbox 1928 997 1998 1022; x_wconf 91' lang='lat' dir='ltr'>no-</span> 
     </span>
     <span class='ocr_line' id='line_1_15' title="bbox 209 1042 1999 1099; baseline 0.002 -17"><span class='ocrx_word' id='word_1_109' title='bbox 209 1042 358 1083; x_wconf 80' lang='lat' dir='ltr'>tionem</span> <span class='ocrx_word' id='word_1_110' title='bbox 384 1043 613 1098; x_wconf 78' lang='lat' dir='ltr'>requirunt:</span> <span class='ocrx_word' id='word_1_111' title='bbox 650 1058 751 1097; x_wconf 86' lang='lat' dir='ltr'>quae</span> <span class='ocrx_word' id='word_1_112' title='bbox 780 1043 911 1096; x_wconf 88' lang='lat' dir='ltr'>qualis</span> <span class='ocrx_word' id='word_1_113' title='bbox 939 1043 1015 1094; x_wconf 88' lang='lat' dir='ltr'>sit,</span> <span class='ocrx_word' id='word_1_114' title='bbox 1041 1044 1227 1097; x_wconf 87' lang='lat' dir='ltr'>exemplo</span> <span class='ocrx_word' id='word_1_115' title='bbox 1254 1058 1403 1097; x_wconf 87' lang='lat' dir='ltr'>quaeso</span> <span class='ocrx_word' id='word_1_116' title='bbox 1431 1058 1565 1082; x_wconf 86' lang='lat' dir='ltr'>sumas</span> <span class='ocrx_word' id='word_1_117' title='bbox 1592 1044 1821 1084; x_wconf 90' lang='lat' dir='ltr'>locutiones</span> <span class='ocrx_word' id='word_1_118' title='bbox 1847 1047 1999 1099; x_wconf 90' lang='lat' dir='ltr'>passim</span> 
     </span>
     <span class='ocr_line' id='line_1_16' title="bbox 209 1106 1465 1162; baseline 0.002 -17"><span class='ocrx_word' id='word_1_119' title='bbox 209 1113 439 1160; x_wconf 75' lang='lat' dir='ltr'>usurpatas:</span> <span class='ocrx_word' id='word_1_120' title='bbox 466 1121 583 1162; x_wconf 72' lang='lat' dir='ltr'>yyros</span> <span class='ocrx_word' id='word_1_121' title='bbox 605 1108 759 1156; x_wconf 64' lang='lat' dir='ltr'>«meere,</span> <span class='ocrx_word' id='word_1_122' title='bbox 775 1106 937 1159; x_wconf 79' lang='lat' dir='ltr'>fossam,</span> <span class='ocrx_word' id='word_1_123' title='bbox 955 1110 1159 1160; x_wconf 82' lang='lat' dir='ltr'>parietem,</span> <span class='ocrx_word' id='word_1_124' title='bbox 1176 1121 1321 1156; x_wconf 59' lang='lat' dir='ltr'>neuros,</span> <span class='ocrx_word' id='word_1_125' title='bbox 1338 1107 1465 1147; x_wconf 73' lang='lat' dir='ltr'>lanas.</span> 
     </span>
    </p>

    <p class='ocr_par' dir='ltr' id='par_1_6' title="bbox 209 1169 1996 1731">
     <span class='ocr_line' id='line_1_17' title="bbox 315 1169 1995 1228; baseline 0.002 -18"><span class='ocrx_word' id='word_1_126' title='bbox 315 1169 399 1210; x_wconf 85' lang='lat' dir='ltr'>Sed</span> <span class='ocrx_word' id='word_1_127' title='bbox 426 1170 474 1209; x_wconf 92' lang='lat' dir='ltr'>de</span> <span class='ocrx_word' id='word_1_128' title='bbox 501 1170 564 1209; x_wconf 89' lang='lat' dir='ltr'>his</span> <span class='ocrx_word' id='word_1_129' title='bbox 582 1172 794 1220; x_wconf 75' lang='lat' dir='ltr'>hactenus3</span> <span class='ocrx_word' id='word_1_130' title='bbox 820 1176 976 1222; x_wconf 84' lang='lat' dir='ltr'>tempus</span> <span class='ocrx_word' id='word_1_131' title='bbox 1003 1178 1062 1209; x_wconf 91' lang='lat' dir='ltr'>est</span> <span class='ocrx_word' id='word_1_132' title='bbox 1088 1171 1210 1222; x_wconf 71' lang='lat' dir='ltr'>liujus</span> <span class='ocrx_word' id='word_1_133' title='bbox 1238 1169 1527 1208; x_wconf 83' lang='lat' dir='ltr'>dissertationis</span> <span class='ocrx_word' id='word_1_134' title='bbox 1543 1169 1674 1209; x_wconf 82' lang='lat' dir='ltr'>faeere</span> <span class='ocrx_word' id='word_1_135' title='bbox 1692 1170 1836 1211; x_wconf 80' lang='lat' dir='ltr'>finem:</span> <span class='ocrx_word' id='word_1_136' title='bbox 1858 1174 1995 1228; x_wconf 86' lang='lat' dir='ltr'>itaque</span> 
     </span>
     <span class='ocr_line' id='line_1_18' title="bbox 211 1232 1994 1288; baseline 0.002 -15"><span class='ocrx_word' id='word_1_137' title='bbox 211 1248 313 1288; x_wconf 85' lang='lat' dir='ltr'>qnae</span> <span class='ocrx_word' id='word_1_138' title='bbox 341 1234 496 1287; x_wconf 86' lang='lat' dir='ltr'>reliqua</span> <span class='ocrx_word' id='word_1_139' title='bbox 535 1240 650 1283; x_wconf 89' lang='lat' dir='ltr'>sunt,</span> <span class='ocrx_word' id='word_1_140' title='bbox 685 1233 824 1287; x_wconf 86' lang='lat' dir='ltr'>paucis</span> <span class='ocrx_word' id='word_1_141' title='bbox 859 1233 1074 1275; x_wconf 81' lang='lat' dir='ltr'>absolvam.</span> <span class='ocrx_word' id='word_1_142' title='bbox 1153 1234 1209 1273; x_wconf 83' lang='lat' dir='ltr'>Et</span> <span class='ocrx_word' id='word_1_143' title='bbox 1247 1234 1418 1286; x_wconf 90' lang='lat' dir='ltr'>primum</span> <span class='ocrx_word' id='word_1_144' title='bbox 1457 1232 1620 1285; x_wconf 89' lang='lat' dir='ltr'>quidem</span> <span class='ocrx_word' id='word_1_145' title='bbox 1660 1234 1703 1273; x_wconf 88' lang='lat' dir='ltr'>id</span> <span class='ocrx_word' id='word_1_146' title='bbox 1739 1249 1994 1288; x_wconf 81' lang='lat' dir='ltr'>praemoneo,</span> 
     </span>
     <span class='ocr_line' id='line_1_19' title="bbox 210 1296 1994 1352; baseline 0.002 -15"><span class='ocrx_word' id='word_1_147' title='bbox 210 1297 487 1337; x_wconf 79' lang='lat' dir='ltr'>Marklandum</span> <span class='ocrx_word' id='word_1_148' title='bbox 516 1296 617 1335; x_wconf 85' lang='lat' dir='ltr'>mihi</span> <span class='ocrx_word' id='word_1_149' title='bbox 646 1310 726 1334; x_wconf 89' lang='lat' dir='ltr'>non</span> <span class='ocrx_word' id='word_1_150' title='bbox 752 1302 831 1335; x_wconf 79' lang='lat' dir='ltr'>tam</span> <span class='ocrx_word' id='word_1_151' title='bbox 858 1296 1124 1335; x_wconf 88' lang='lat' dir='ltr'>consultorem</span> <span class='ocrx_word' id='word_1_152' title='bbox 1151 1310 1197 1335; x_wconf 89' lang='lat' dir='ltr'>ac</span> <span class='ocrx_word' id='word_1_153' title='bbox 1225 1310 1426 1335; x_wconf 88' lang='lat' dir='ltr'>suasorem</span> <span class='ocrx_word' id='word_1_154' title='bbox 1454 1296 1652 1336; x_wconf 84' lang='lat' dir='ltr'>exstitisse</span> <span class='ocrx_word' id='word_1_155' title='bbox 1679 1312 1800 1350; x_wconf 86' lang='lat' dir='ltr'>quam</span> <span class='ocrx_word' id='word_1_156' title='bbox 1841 1299 1994 1352; x_wconf 88' lang='lat' dir='ltr'>ducem,</span> 
     </span>
     <span class='ocr_line' id='line_1_20' title="bbox 210 1359 1994 1417; baseline 0.003 -18"><span class='ocrx_word' id='word_1_157' title='bbox 210 1360 361 1415; x_wconf 88' lang='lat' dir='ltr'>qnippe</span> <span class='ocrx_word' id='word_1_158' title='bbox 388 1360 460 1414; x_wconf 91' lang='lat' dir='ltr'>qui</span> <span class='ocrx_word' id='word_1_159' title='bbox 486 1360 591 1399; x_wconf 82' lang='lat' dir='ltr'>viam</span> <span class='ocrx_word' id='word_1_160' title='bbox 618 1359 734 1413; x_wconf 84' lang='lat' dir='ltr'>quasi</span> <span class='ocrx_word' id='word_1_161' title='bbox 760 1360 978 1412; x_wconf 87' lang='lat' dir='ltr'>aperuerit,</span> <span class='ocrx_word' id='word_1_162' title='bbox 1013 1375 1092 1413; x_wconf 89' lang='lat' dir='ltr'>qua</span> <span class='ocrx_word' id='word_1_163' title='bbox 1127 1369 1176 1398; x_wconf 81' lang='lat' dir='ltr'>ut</span> <span class='ocrx_word' id='word_1_164' title='bbox 1202 1360 1464 1413; x_wconf 77' lang='lat' dir='ltr'>progrederer</span> <span class='ocrx_word' id='word_1_165' title='bbox 1499 1374 1626 1412; x_wconf 85' lang='lat' dir='ltr'>quum</span> <span class='ocrx_word' id='word_1_166' title='bbox 1662 1362 1875 1402; x_wconf 84' lang='lat' dir='ltr'>verborum</span> <span class='ocrx_word' id='word_1_167' title='bbox 1902 1379 1994 1417; x_wconf 89' lang='lat' dir='ltr'>pro—</span> 
     </span>
     <span class='ocr_line' id='line_1_21' title="bbox 209 1422 1994 1481; baseline 0.003 -18"><span class='ocrx_word' id='word_1_168' title='bbox 209 1424 362 1478; x_wconf 86' lang='lat' dir='ltr'>prietas</span> <span class='ocrx_word' id='word_1_169' title='bbox 390 1438 568 1477; x_wconf 86' lang='lat' dir='ltr'>ususque</span> <span class='ocrx_word' id='word_1_170' title='bbox 597 1422 812 1476; x_wconf 85' lang='lat' dir='ltr'>loquendi,</span> <span class='ocrx_word' id='word_1_171' title='bbox 848 1429 931 1461; x_wconf 87' lang='lat' dir='ltr'>tum</span> <span class='ocrx_word' id='word_1_172' title='bbox 969 1423 1187 1462; x_wconf 78' lang='lat' dir='ltr'>sententiae</span> <span class='ocrx_word' id='word_1_173' title='bbox 1209 1423 1461 1462; x_wconf 86' lang='lat' dir='ltr'>concinnitas</span> <span class='ocrx_word' id='word_1_174' title='bbox 1497 1423 1666 1477; x_wconf 83' lang='lat' dir='ltr'>ejusque</span> <span class='ocrx_word' id='word_1_175' title='bbox 1700 1439 1793 1464; x_wconf 88' lang='lat' dir='ltr'>cum</span> <span class='ocrx_word' id='word_1_176' title='bbox 1821 1427 1994 1481; x_wconf 81' lang='lat' dir='ltr'>reliquis</span> 
     </span>
     <span class='ocr_line' id='line_1_22' title="bbox 211 1486 1995 1542; baseline 0.002 -14"><span class='ocrx_word' id='word_1_177' title='bbox 211 1487 452 1527; x_wconf 82' lang='lat' dir='ltr'>narrationis</span> <span class='ocrx_word' id='word_1_178' title='bbox 490 1487 669 1540; x_wconf 88' lang='lat' dir='ltr'>partibus</span> <span class='ocrx_word' id='word_1_179' title='bbox 704 1486 983 1525; x_wconf 82' lang='lat' dir='ltr'>convenientia</span> <span class='ocrx_word' id='word_1_180' title='bbox 1022 1487 1196 1540; x_wconf 86' lang='lat' dir='ltr'>impulit.</span> <span class='ocrx_word' id='word_1_181' title='bbox 1252 1486 1391 1540; x_wconf 86' lang='lat' dir='ltr'>Itaque</span> <span class='ocrx_word' id='word_1_182' title='bbox 1418 1501 1500 1526; x_wconf 88' lang='lat' dir='ltr'>non</span> <span class='ocrx_word' id='word_1_183' title='bbox 1528 1487 1691 1538; x_wconf 86' lang='lat' dir='ltr'>dubito,</span> <span class='ocrx_word' id='word_1_184' title='bbox 1719 1489 1821 1542; x_wconf 89' lang='lat' dir='ltr'>quin</span> <span class='ocrx_word' id='word_1_185' title='bbox 1851 1492 1995 1533; x_wconf 82' lang='lat' dir='ltr'>ducere</span> 
     </span>
     <span class='ocr_line' id='line_1_23' title="bbox 212 1549 1993 1603; baseline 0.003 -13"><span class='ocrx_word' id='word_1_186' title='bbox 212 1554 288 1591; x_wconf 86' lang='lat' dir='ltr'>hoc</span> <span class='ocrx_word' id='word_1_187' title='bbox 316 1551 405 1590; x_wconf 91' lang='lat' dir='ltr'>loco</span> <span class='ocrx_word' id='word_1_188' title='bbox 432 1566 453 1590; x_wconf 92' lang='lat' dir='ltr'>a</span> <span class='ocrx_word' id='word_1_189' title='bbox 483 1550 628 1589; x_wconf 88' lang='lat' dir='ltr'>Tacito</span> <span class='ocrx_word' id='word_1_190' title='bbox 656 1564 702 1589; x_wconf 87' lang='lat' dir='ltr'>eo</span> <span class='ocrx_word' id='word_1_191' title='bbox 729 1564 849 1588; x_wconf 88' lang='lat' dir='ltr'>sensu</span> <span class='ocrx_word' id='word_1_192' title='bbox 877 1549 1024 1588; x_wconf 86' lang='lat' dir='ltr'>dictum</span> <span class='ocrx_word' id='word_1_193' title='bbox 1052 1550 1117 1597; x_wconf 83' lang='lat' dir='ltr'>sit,</span> <span class='ocrx_word' id='word_1_194' title='bbox 1146 1564 1226 1603; x_wconf 90' lang='lat' dir='ltr'>quo</span> <span class='ocrx_word' id='word_1_195' title='bbox 1254 1550 1394 1589; x_wconf 73' lang='lat' dir='ltr'>bellam</span> <span class='ocrx_word' id='word_1_196' title='bbox 1410 1552 1566 1600; x_wconf 78' lang='lat' dir='ltr'>ducere,</span> <span class='ocrx_word' id='word_1_197' title='bbox 1609 1552 1674 1591; x_wconf 75' lang='lat' dir='ltr'>vel</span> <span class='ocrx_word' id='word_1_198' title='bbox 1702 1553 1840 1592; x_wconf 89' lang='lat' dir='ltr'>eadem</span> <span class='ocrx_word' id='word_1_199' title='bbox 1864 1557 1993 1596; x_wconf 87' lang='lat' dir='ltr'>notio-</span> 
     </span>
     <span class='ocr_line' id='line_1_24' title="bbox 216 1613 1996 1678; baseline 0.003 -26"><span class='ocrx_word' id='word_1_200' title='bbox 216 1631 280 1665; x_wconf 80' lang='lat' dir='ltr'>ne,</span> <span class='ocrx_word' id='word_1_201' title='bbox 308 1629 387 1668; x_wconf 87' lang='lat' dir='ltr'>qua</span> <span class='ocrx_word' id='word_1_202' title='bbox 416 1614 568 1653; x_wconf 81' lang='lat' dir='ltr'>Annal.</span> <span class='ocrx_word' id='word_1_203' title='bbox 599 1613 659 1663; x_wconf 84' lang='lat'>11,</span> <span class='ocrx_word' id='word_1_204' title='bbox 688 1613 750 1652; x_wconf 84' lang='lat'>34.</span> <span class='ocrx_word' id='word_1_205' title='bbox 779 1613 968 1652; x_wconf 89' lang='lat' dir='ltr'>Tiberius</span> <span class='ocrx_word' id='word_1_206' title='bbox 996 1620 1234 1652; x_wconf 86' lang='lat' dir='ltr'>memoratur</span> <span class='ocrx_word' id='word_1_207' title='bbox 1262 1613 1503 1653; x_wconf 81' lang='lat' dir='ltr'>sermonibus</span> <span class='ocrx_word' id='word_1_208' title='bbox 1538 1617 1660 1655; x_wconf 76' lang='lat' dir='ltr'>variis</span> <span class='ocrx_word' id='word_1_209' title='bbox 1695 1622 1844 1669; x_wconf 83' lang='lat' dir='ltr'>tempus</span> <span class='ocrx_word' id='word_1_210' title='bbox 1877 1626 1996 1678; x_wconf 78' lang='lat' dir='ltr'>atque</span> 
     </span>
     <span class='ocr_line' id='line_1_25' title="bbox 213 1676 1504 1731; baseline -0.002 -13"><span class='ocrx_word' id='word_1_211' title='bbox 213 1683 288 1718; x_wconf 77' lang='lat' dir='ltr'>iter</span> <span class='ocrx_word' id='word_1_212' title='bbox 314 1680 483 1728; x_wconf 78' lang='lat' dir='ltr'>‹lucens3</span> <span class='ocrx_word' id='word_1_213' title='bbox 513 1677 621 1731; x_wconf 87' lang='lat' dir='ltr'>qnod</span> <span class='ocrx_word' id='word_1_214' title='bbox 649 1676 748 1730; x_wconf 90' lang='lat' dir='ltr'>quid</span> <span class='ocrx_word' id='word_1_215' title='bbox 775 1676 841 1726; x_wconf 91' lang='lat' dir='ltr'>sit,</span> <span class='ocrx_word' id='word_1_216' title='bbox 870 1677 1190 1729; x_wconf 82' lang='lat' dir='ltr'>interpretatione</span> <span class='ocrx_word' id='word_1_217' title='bbox 1219 1691 1297 1715; x_wconf 90' lang='lat' dir='ltr'>non</span> <span class='ocrx_word' id='word_1_218' title='bbox 1324 1684 1426 1730; x_wconf 76' lang='lat' dir='ltr'>eget.</span> <span class='ocrx_word' id='word_1_219' title='bbox 1451 1699 1504 1708; x_wconf 94' lang='lat'>—</span> 
     </span>
    </p>

    <p class='ocr_par' dir='ltr' id='par_1_7' title="bbox 213 1739 2011 2757">
     <span class='ocr_line' id='line_1_26' title="bbox 320 1739 1999 1796; baseline 0.003 -16"><span class='ocrx_word' id='word_1_220' title='bbox 320 1741 432 1793; x_wconf 85' lang='lat' dir='ltr'>Quid</span> <span class='ocrx_word' id='word_1_221' title='bbox 471 1742 605 1796; x_wconf 85' lang='lat' dir='ltr'>itaque</span> <span class='ocrx_word' id='word_1_222' title='bbox 640 1739 781 1780; x_wconf 80' lang='lat' dir='ltr'>fecisse</span> <span class='ocrx_word' id='word_1_223' title='bbox 818 1747 933 1794; x_wconf 86' lang='lat' dir='ltr'>putas</span> <span class='ocrx_word' id='word_1_224' title='bbox 960 1740 1212 1794; x_wconf 80' lang='lat' dir='ltr'>Agricolam,</span> <span class='ocrx_word' id='word_1_225' title='bbox 1249 1748 1411 1794; x_wconf 86' lang='lat' dir='ltr'>quaeret</span> <span class='ocrx_word' id='word_1_226' title='bbox 1437 1740 1659 1795; x_wconf 80' lang='lat' dir='ltr'>quispiam,</span> <span class='ocrx_word' id='word_1_227' title='bbox 1696 1742 1791 1784; x_wconf 89' lang='lat' dir='ltr'>dum</span> <span class='ocrx_word' id='word_1_228' title='bbox 1821 1746 1933 1788; x_wconf 81' lang='lat' dir='ltr'>ludos</span> <span class='ocrx_word' id='word_1_229' title='bbox 1960 1756 1999 1789; x_wconf 84' lang='lat' dir='ltr'>et</span> 
     </span>
     <span class='ocr_line' id='line_1_27' title="bbox 215 1804 1998 1866; baseline 0.001 -20"><span class='ocrx_word' id='word_1_230' title='bbox 215 1807 349 1846; x_wconf 81' lang='lat' dir='ltr'>inania</span> <span class='ocrx_word' id='word_1_231' title='bbox 378 1805 542 1844; x_wconf 80' lang='lat' dir='ltr'>honoris</span> <span class='ocrx_word' id='word_1_232' title='bbox 570 1804 689 1843; x_wconf 85' lang='lat' dir='ltr'>modo</span> <span class='ocrx_word' id='word_1_233' title='bbox 715 1804 881 1843; x_wconf 87' lang='lat' dir='ltr'>rationis</span> <span class='ocrx_word' id='word_1_234' title='bbox 909 1811 1028 1858; x_wconf 84' lang='lat' dir='ltr'>atque</span> <span class='ocrx_word' id='word_1_235' title='bbox 1056 1804 1324 1843; x_wconf 81' lang='lat' dir='ltr'>abundantiae</span> <span class='ocrx_word' id='word_1_236' title='bbox 1350 1806 1508 1844; x_wconf 58' lang='lat' dir='ltr'>(flexisse</span> <span class='ocrx_word' id='word_1_237' title='bbox 1534 1805 1736 1845; x_wconf 72' lang='lat' dir='ltr'>traditur?</span> <span class='ocrx_word' id='word_1_238' title='bbox 1774 1807 1858 1848; x_wconf 90' lang='lat' dir='ltr'>Cui</span> <span class='ocrx_word' id='word_1_239' title='bbox 1885 1812 1998 1866; x_wconf 84' lang='lat' dir='ltr'>equi-</span> 
     </span>
     <span class='ocr_line' id='line_1_28' title="bbox 216 1867 1997 1926; baseline 0.002 -15"><span class='ocrx_word' id='word_1_240' title='bbox 216 1872 304 1911; x_wconf 85' lang='lat' dir='ltr'>dem</span> <span class='ocrx_word' id='word_1_241' title='bbox 332 1868 556 1922; x_wconf 76' lang='lat' dir='ltr'>respondeo</span> <span class='ocrx_word' id='word_1_242' title='bbox 584 1869 694 1909; x_wconf 81' lang='lat' dir='ltr'>bacc.</span> <span class='ocrx_word' id='word_1_243' title='bbox 749 1867 931 1907; x_wconf 84' lang='lat' dir='ltr'>Primum</span> <span class='ocrx_word' id='word_1_244' title='bbox 958 1868 1138 1908; x_wconf 77' lang='lat' dir='ltr'>ludorum</span> <span class='ocrx_word' id='word_1_245' title='bbox 1164 1868 1407 1908; x_wconf 83' lang='lat' dir='ltr'>edendorum</span> <span class='ocrx_word' id='word_1_246' title='bbox 1435 1871 1766 1911; x_wconf 71' lang='lat' dir='ltr'>continuationem</span> <span class='ocrx_word' id='word_1_247' title='bbox 1794 1876 1997 1926; x_wconf 84' lang='lat' dir='ltr'>quandam</span> 
     </span>
     <span class='ocr_line' id='line_1_29' title="bbox 215 1930 1999 1988; baseline 0.002 -14"><span class='ocrx_word' id='word_1_248' title='bbox 215 1935 394 1974; x_wconf 79' lang='lat' dir='ltr'>indicare</span> <span class='ocrx_word' id='word_1_249' title='bbox 420 1931 595 1970; x_wconf 85' lang='lat' dir='ltr'>voluisse</span> <span class='ocrx_word' id='word_1_250' title='bbox 623 1931 812 1969; x_wconf 80' lang='lat' dir='ltr'>Tacitum</span> <span class='ocrx_word' id='word_1_251' title='bbox 840 1930 1045 1980; x_wconf 84' lang='lat' dir='ltr'>existimo,</span> <span class='ocrx_word' id='word_1_252' title='bbox 1079 1931 1115 1969; x_wconf 89' lang='lat' dir='ltr'>si</span> <span class='ocrx_word' id='word_1_253' title='bbox 1141 1932 1304 1984; x_wconf 86' lang='lat' dir='ltr'>quidem</span> <span class='ocrx_word' id='word_1_254' title='bbox 1330 1932 1517 1971; x_wconf 89' lang='lat' dir='ltr'>ludorum</span> <span class='ocrx_word' id='word_1_255' title='bbox 1545 1947 1626 1973; x_wconf 89' lang='lat' dir='ltr'>non</span> <span class='ocrx_word' id='word_1_256' title='bbox 1655 1934 1850 1988; x_wconf 87' lang='lat' dir='ltr'>splendor</span> <span class='ocrx_word' id='word_1_257' title='bbox 1879 1939 1999 1979; x_wconf 86' lang='lat' dir='ltr'>modo</span> 
     </span>
     <span class='ocr_line' id='line_1_30' title="bbox 215 1993 2000 2053; baseline 0.002 -15"><span class='ocrx_word' id='word_1_258' title='bbox 215 2008 254 2038; x_wconf 77' lang='lat' dir='ltr'>et</span> <span class='ocrx_word' id='word_1_259' title='bbox 283 1994 578 2050; x_wconf 75' lang='lat' dir='ltr'>magnificentia</span> <span class='ocrx_word' id='word_1_260' title='bbox 605 1994 878 2047; x_wconf 81' lang='lat' dir='ltr'>spectabatur,</span> <span class='ocrx_word' id='word_1_261' title='bbox 906 1993 976 2033; x_wconf 90' lang='lat' dir='ltr'>sed</span> <span class='ocrx_word' id='word_1_262' title='bbox 1002 2000 1087 2032; x_wconf 85' lang='lat' dir='ltr'>tum</span> <span class='ocrx_word' id='word_1_263' title='bbox 1115 2008 1329 2044; x_wconf 87' lang='lat' dir='ltr'>numerus,</span> <span class='ocrx_word' id='word_1_264' title='bbox 1353 2002 1435 2034; x_wconf 87' lang='lat' dir='ltr'>tum</span> <span class='ocrx_word' id='word_1_265' title='bbox 1464 1997 1784 2050; x_wconf 80' lang='lat' dir='ltr'>spectaculorum</span> <span class='ocrx_word' id='word_1_266' title='bbox 1812 2002 2000 2053; x_wconf 84' lang='lat' dir='ltr'>repetitio</span> 
     </span>
     <span class='ocr_line' id='line_1_31' title="bbox 222 2055 2001 2117; baseline 0.002 -18"><span class='ocrx_word' id='word_1_267' title='bbox 222 2071 259 2101; x_wconf 75' lang='lat' dir='ltr'>et</span> <span class='ocrx_word' id='word_1_268' title='bbox 301 2075 371 2115; x_wconf 85' lang='lat' dir='ltr'>per</span> <span class='ocrx_word' id='word_1_269' title='bbox 405 2059 539 2112; x_wconf 85' lang='lat' dir='ltr'>plures</span> <span class='ocrx_word' id='word_1_270' title='bbox 567 2056 651 2095; x_wconf 91' lang='lat' dir='ltr'>dies</span> <span class='ocrx_word' id='word_1_271' title='bbox 678 2055 941 2095; x_wconf 84' lang='lat' dir='ltr'>continuatio.</span> <span class='ocrx_word' id='word_1_272' title='bbox 996 2056 1155 2096; x_wconf 89' lang='lat' dir='ltr'>Deinde</span> <span class='ocrx_word' id='word_1_273' title='bbox 1181 2063 1321 2110; x_wconf 90' lang='lat' dir='ltr'>sponte</span> <span class='ocrx_word' id='word_1_274' title='bbox 1342 2056 1595 2112; x_wconf 75' lang='lat' dir='ltr'>intelligitur,</span> <span class='ocrx_word' id='word_1_275' title='bbox 1622 2075 1744 2113; x_wconf 88' lang='lat' dir='ltr'>quam</span> <span class='ocrx_word' id='word_1_276' title='bbox 1755 2069 1846 2115; x_wconf 86' lang='lat' dir='ltr'>apte</span> <span class='ocrx_word' id='word_1_277' title='bbox 1864 2079 2001 2117; x_wconf 87' lang='lat' dir='ltr'>quam-</span> 
     </span>
     <span class='ocr_line' id='line_1_32' title="bbox 213 2118 2004 2180; baseline 0.001 -15"><span class='ocrx_word' id='word_1_278' title='bbox 213 2140 292 2180; x_wconf 81' lang='lat' dir='ltr'>que</span> <span class='ocrx_word' id='word_1_279' title='bbox 320 2124 526 2175; x_wconf 77' lang='lat' dir='ltr'>eleganter</span> <span class='ocrx_word' id='word_1_280' title='bbox 548 2121 687 2160; x_wconf 73' lang='lat' dir='ltr'>,modus</span> <span class='ocrx_word' id='word_1_281' title='bbox 722 2120 772 2158; x_wconf 87' lang='lat' dir='ltr'>ab</span> <span class='ocrx_word' id='word_1_282' title='bbox 799 2118 991 2172; x_wconf 78' lang='lat' dir='ltr'>Agricola</span> <span class='ocrx_word' id='word_1_283' title='bbox 1025 2120 1257 2160; x_wconf 83' lang='lat' dir='ltr'>observatus</span> <span class='ocrx_word' id='word_1_284' title='bbox 1290 2119 1447 2159; x_wconf 86' lang='lat' dir='ltr'>dicatur</span> <span class='ocrx_word' id='word_1_285' title='bbox 1481 2122 1525 2161; x_wconf 90' lang='lat' dir='ltr'>in</span> <span class='ocrx_word' id='word_1_286' title='bbox 1561 2123 1671 2162; x_wconf 83' lang='lat' dir='ltr'>ludis</span> <span class='ocrx_word' id='word_1_287' title='bbox 1707 2128 2004 2177; x_wconf 83' lang='lat' dir='ltr'>protrahendis.</span> 
     </span>
     <span class='ocr_line' id='line_1_33' title="bbox 217 2183 2004 2242; baseline 0.001 -13"><span class='ocrx_word' id='word_1_288' title='bbox 217 2192 355 2242; x_wconf 89' lang='lat' dir='ltr'>ltaque</span> <span class='ocrx_word' id='word_1_289' title='bbox 390 2200 481 2225; x_wconf 90' lang='lat' dir='ltr'>eum</span> <span class='ocrx_word' id='word_1_290' title='bbox 517 2183 667 2236; x_wconf 78' lang='lat' dir='ltr'>cogites</span> <span class='ocrx_word' id='word_1_291' title='bbox 704 2189 743 2222; x_wconf 92' lang='lat' dir='ltr'>et</span> <span class='ocrx_word' id='word_1_292' title='bbox 777 2196 989 2222; x_wconf 86' lang='lat' dir='ltr'>numerum</span> <span class='ocrx_word' id='word_1_293' title='bbox 1033 2189 1072 2221; x_wconf 87' lang='lat' dir='ltr'>et</span> <span class='ocrx_word' id='word_1_294' title='bbox 1105 2183 1408 2237; x_wconf 84' lang='lat' dir='ltr'>amplitudinem</span> <span class='ocrx_word' id='word_1_295' title='bbox 1443 2184 1630 2225; x_wconf 88' lang='lat' dir='ltr'>ludorum</span> <span class='ocrx_word' id='word_1_296' title='bbox 1667 2187 1914 2229; x_wconf 88' lang='lat' dir='ltr'>edendorum</span> <span class='ocrx_word' id='word_1_297' title='bbox 1952 2192 2004 2231; x_wconf 80' lang='lat' dir='ltr'>a&#39;d</span> 
     </span>
     <span class='ocr_line' id='line_1_34' title="bbox 216 2246 2006 2308; baseline 0.001 -15"><span class='ocrx_word' id='word_1_298' title='bbox 216 2265 397 2293; x_wconf 80' lang='lat' dir='ltr'>normam</span> <span class='ocrx_word' id='word_1_299' title='bbox 425 2247 589 2288; x_wconf 87' lang='lat' dir='ltr'>rationis</span> <span class='ocrx_word' id='word_1_300' title='bbox 626 2253 744 2301; x_wconf 88' lang='lat' dir='ltr'>atque</span> <span class='ocrx_word' id='word_1_301' title='bbox 779 2246 1046 2286; x_wconf 86' lang='lat' dir='ltr'>abundantiae</span> <span class='ocrx_word' id='word_1_302' title='bbox 1081 2247 1307 2302; x_wconf 76' lang='lat' dir='ltr'>exigentem·</span> <span class='ocrx_word' id='word_1_303' title='bbox 1341 2248 1503 2303; x_wconf 85' lang='lat' dir='ltr'>sibique</span> <span class='ocrx_word' id='word_1_304' title='bbox 1539 2250 1658 2304; x_wconf 87' lang='lat' dir='ltr'>quasi</span> <span class='ocrx_word' id='word_1_305' title='bbox 1693 2252 1737 2290; x_wconf 90' lang='lat' dir='ltr'>in</span> <span class='ocrx_word' id='word_1_306' title='bbox 1773 2255 2006 2308; x_wconf 87' lang='lat' dir='ltr'>sumptibus</span> 
     </span>
     <span class='ocr_line' id='line_1_35' title="bbox 217 2310 2006 2371; baseline 0.001 -13"><span class='ocrx_word' id='word_1_307' title='bbox 217 2315 417 2358; x_wconf 73' lang='lat' dir='ltr'>faciundis</span> <span class='ocrx_word' id='word_1_308' title='bbox 446 2312 621 2351; x_wconf 83' lang='lat' dir='ltr'>modeste</span> <span class='ocrx_word' id='word_1_309' title='bbox 648 2325 693 2350; x_wconf 89' lang='lat' dir='ltr'>ac</span> <span class='ocrx_word' id='word_1_310' title='bbox 719 2310 938 2365; x_wconf 86' lang='lat' dir='ltr'>prudenter</span> <span class='ocrx_word' id='word_1_311' title='bbox 963 2316 1263 2364; x_wconf 81' lang='lat' dir='ltr'>temperantem,</span> <span class='ocrx_word' id='word_1_312' title='bbox 1288 2327 1339 2352; x_wconf 92' lang='lat' dir='ltr'>ne</span> <span class='ocrx_word' id='word_1_313' title='bbox 1369 2312 1473 2352; x_wconf 85' lang='lat' dir='ltr'>ultra</span> <span class='ocrx_word' id='word_1_314' title='bbox 1501 2314 1709 2354; x_wconf 72' lang='lat' dir='ltr'>facultates</span> <span class='ocrx_word' id='word_1_315' title='bbox 1728 2315 1931 2371; x_wconf 84' lang='lat' dir='ltr'>impensas</span> <span class='ocrx_word' id='word_1_316' title='bbox 1949 2319 2006 2359; x_wconf 80' lang='lat' dir='ltr'>re·</span> 
     </span>
     <span class='ocr_line' id='line_1_36' title="bbox 218 2373 2010 2429; baseline 0.002 -9"><span class='ocrx_word' id='word_1_317' title='bbox 218 2381 320 2420; x_wconf 81' lang='lat' dir='ltr'>cisse</span> <span class='ocrx_word' id='word_1_318' title='bbox 346 2377 508 2418; x_wconf 89' lang='lat' dir='ltr'>sibimet</span> <span class='ocrx_word' id='word_1_319' title='bbox 535 2375 620 2429; x_wconf 90' lang='lat' dir='ltr'>ipse</span> <span class='ocrx_word' id='word_1_320' title='bbox 646 2374 860 2427; x_wconf 85' lang='lat' dir='ltr'>aliquando</span> <span class='ocrx_word' id='word_1_321' title='bbox 889 2373 986 2414; x_wconf 85' lang='lat' dir='ltr'>vitio</span> <span class='ocrx_word' id='word_1_322' title='bbox 1012 2382 1150 2414; x_wconf 83' lang='lat' dir='ltr'>vertat.</span> <span class='ocrx_word' id='word_1_323' title='bbox 1230 2376 1352 2426; x_wconf 81' lang='lat' dir='ltr'>Quod</span> <span class='ocrx_word' id='word_1_324' title='bbox 1388 2383 1519 2416; x_wconf 89' lang='lat' dir='ltr'>autem</span> <span class='ocrx_word' id='word_1_325' title='bbox 1555 2379 1669 2418; x_wconf 79' lang='lat' dir='ltr'>modo</span> <span class='ocrx_word' id='word_1_326' title='bbox 1705 2380 1875 2421; x_wconf 80' lang='lat' dir='ltr'>rationis</span> <span class='ocrx_word' id='word_1_327' title='bbox 1905 2382 2010 2423; x_wconf 85' lang='lat' dir='ltr'>dixit</span> 
     </span>
     <span class='ocr_line' id='line_1_37' title="bbox 220 2437 2008 2494; baseline 0.002 -11"><span class='ocrx_word' id='word_1_328' title='bbox 220 2442 401 2492; x_wconf 83' lang='lat' dir='ltr'>Tacitus,</span> <span class='ocrx_word' id='word_1_329' title='bbox 427 2440 470 2480; x_wconf 90' lang='lat' dir='ltr'>id</span> <span class='ocrx_word' id='word_1_330' title='bbox 497 2439 672 2494; x_wconf 86' lang='lat' dir='ltr'>quidem,</span> <span class='ocrx_word' id='word_1_331' title='bbox 699 2437 886 2493; x_wconf 84' lang='lat' dir='ltr'>quoniam</span> <span class='ocrx_word' id='word_1_332' title='bbox 910 2438 1047 2492; x_wconf 80' lang='lat' dir='ltr'>paullo</span> <span class='ocrx_word' id='word_1_333' title='bbox 1075 2438 1314 2480; x_wconf 82' lang='lat' dir='ltr'>insolentior</span> <span class='ocrx_word' id='word_1_334' title='bbox 1336 2442 1434 2480; x_wconf 88' lang='lat' dir='ltr'>baec</span> <span class='ocrx_word' id='word_1_335' title='bbox 1459 2442 1651 2482; x_wconf 80' lang='lat' dir='ltr'>vocabuli</span> <span class='ocrx_word' id='word_1_336' title='bbox 1677 2444 1791 2484; x_wconf 91' lang='lat' dir='ltr'>notio</span> <span class='ocrx_word' id='word_1_337' title='bbox 1819 2453 1859 2485; x_wconf 89' lang='lat' dir='ltr'>et</span> <span class='ocrx_word' id='word_1_338' title='bbox 1885 2447 2008 2486; x_wconf 88' lang='lat' dir='ltr'>collo·</span> 
     </span>
     <span class='ocr_line' id='line_1_38' title="bbox 219 2502 2007 2563; baseline 0.003 -17"><span class='ocrx_word' id='word_1_339' title='bbox 219 2507 324 2546; x_wconf 82' lang='lat' dir='ltr'>catio</span> <span class='ocrx_word' id='word_1_340' title='bbox 354 2504 565 2544; x_wconf 85' lang='lat' dir='ltr'>nonnullis</span> <span class='ocrx_word' id='word_1_341' title='bbox 590 2504 677 2543; x_wconf 76' lang='lat' dir='ltr'>visa</span> <span class='ocrx_word' id='word_1_342' title='bbox 699 2509 771 2553; x_wconf 88' lang='lat' dir='ltr'>est,</span> <span class='ocrx_word' id='word_1_343' title='bbox 797 2502 890 2542; x_wconf 87' lang='lat' dir='ltr'>inde</span> <span class='ocrx_word' id='word_1_344' title='bbox 911 2502 1215 2553; x_wconf 81' lang='lat' dir='ltr'>exeusationem,</span> <span class='ocrx_word' id='word_1_345' title='bbox 1242 2503 1277 2542; x_wconf 84' lang='lat' dir='ltr'>si</span> <span class='ocrx_word' id='word_1_346' title='bbox 1304 2518 1384 2558; x_wconf 88' lang='lat' dir='ltr'>qna</span> <span class='ocrx_word' id='word_1_347' title='bbox 1411 2511 1516 2559; x_wconf 75' lang='lat' dir='ltr'>eget,</span> <span class='ocrx_word' id='word_1_348' title='bbox 1542 2505 1720 2558; x_wconf 81' lang='lat' dir='ltr'>habebit,</span> <span class='ocrx_word' id='word_1_349' title='bbox 1746 2509 1858 2563; x_wconf 84' lang='lat' dir='ltr'>quod</span> <span class='ocrx_word' id='word_1_350' title='bbox 1885 2509 1922 2550; x_wconf 87' lang='lat' dir='ltr'>si</span> <span class='ocrx_word' id='word_1_351' title='bbox 1947 2525 2007 2551; x_wconf 82' lang='lat' dir='ltr'>ra-</span> 
     </span>
     <span class='ocr_line' id='line_1_39' title="bbox 218 2566 2010 2625; baseline 0.002 -15"><span class='ocrx_word' id='word_1_352' title='bbox 218 2569 340 2611; x_wconf 84' lang='lat' dir='ltr'>tionis</span> <span class='ocrx_word' id='word_1_353' title='bbox 365 2568 496 2617; x_wconf 84' lang='lat' dir='ltr'>modo,</span> <span class='ocrx_word' id='word_1_354' title='bbox 522 2566 764 2622; x_wconf 78' lang='lat' dir='ltr'>transposito</span> <span class='ocrx_word' id='word_1_355' title='bbox 791 2566 994 2616; x_wconf 86' lang='lat' dir='ltr'>vocabulo,</span> <span class='ocrx_word' id='word_1_356' title='bbox 1021 2566 1207 2616; x_wconf 82' lang='lat' dir='ltr'>dixisset,</span> <span class='ocrx_word' id='word_1_357' title='bbox 1235 2568 1455 2607; x_wconf 85' lang='lat' dir='ltr'>verendum</span> <span class='ocrx_word' id='word_1_358' title='bbox 1482 2576 1592 2620; x_wconf 82' lang='lat' dir='ltr'>erat,</span> <span class='ocrx_word' id='word_1_359' title='bbox 1615 2584 1669 2610; x_wconf 88' lang='lat' dir='ltr'>ne</span> <span class='ocrx_word' id='word_1_360' title='bbox 1697 2570 2010 2625; x_wconf 67' lang='lat' dir='ltr'>significationis</span> 
     </span>
     <span class='ocr_line' id='line_1_40' title="bbox 221 2629 2011 2690; baseline 0.003 -16"><span class='ocrx_word' id='word_1_361' title='bbox 221 2631 463 2687; x_wconf 77' lang='lat' dir='ltr'>ambiguitas</span> <span class='ocrx_word' id='word_1_362' title='bbox 491 2632 718 2672; x_wconf 86' lang='lat' dir='ltr'>exoriretur</span> <span class='ocrx_word' id='word_1_363' title='bbox 743 2644 899 2686; x_wconf 85' lang='lat' dir='ltr'>proque</span> <span class='ocrx_word' id='word_1_364' title='bbox 925 2629 1109 2670; x_wconf 83' lang='lat' dir='ltr'>adverbio</span> <span class='ocrx_word' id='word_1_365' title='bbox 1134 2637 1360 2670; x_wconf 86' lang='lat' dir='ltr'>sumeretur</span> <span class='ocrx_word' id='word_1_366' title='bbox 1385 2646 1549 2675; x_wconf 81' lang='lat' dir='ltr'>nomen.</span> <span class='ocrx_word' id='word_1_367' title='bbox 1603 2633 1763 2675; x_wconf 86' lang='lat' dir='ltr'>Deinde</span> <span class='ocrx_word' id='word_1_368' title='bbox 1789 2636 1943 2690; x_wconf 77' lang='lat' dir='ltr'>opti-e</span> <span class='ocrx_word' id='word_1_369' title='bbox 1971 2646 2011 2679; x_wconf 88' lang='lat' dir='ltr'>et</span> 
     </span>
     <span class='ocr_line' id='line_1_41' title="bbox 223 2694 2009 2757; baseline 0.001 -18"><span class='ocrx_word' id='word_1_370' title='bbox 223 2712 386 2754; x_wconf 84' lang='lat' dir='ltr'>prorsus</span> <span class='ocrx_word' id='word_1_371' title='bbox 398 2711 448 2736; x_wconf 86' lang='lat' dir='ltr'>ex</span> <span class='ocrx_word' id='word_1_372' title='bbox 461 2696 697 2750; x_wconf 86' lang='lat' dir='ltr'>quotidiana</span> <span class='ocrx_word' id='word_1_373' title='bbox 707 2694 1190 2749; x_wconf 85' lang='lat' dir='ltr'>loquendiconsuetndine</span> <span class='ocrx_word' id='word_1_374' title='bbox 1201 2709 1336 2734; x_wconf 80' lang='lat' dir='ltr'>vocem</span> <span class='ocrx_word' id='word_1_375' title='bbox 1346 2695 1455 2736; x_wconf 85' lang='lat' dir='ltr'>illam</span> <span class='ocrx_word' id='word_1_376' title='bbox 1468 2696 1701 2738; x_wconf 87' lang='lat' dir='ltr'>collocatam</span> <span class='ocrx_word' id='word_1_377' title='bbox 1714 2712 1815 2750; x_wconf 87' lang='lat' dir='ltr'>esse,</span> <span class='ocrx_word' id='word_1_378' title='bbox 1836 2700 1877 2741; x_wconf 90' lang='lat' dir='ltr'>id</span> <span class='ocrx_word' id='word_1_379' title='bbox 1891 2717 2009 2757; x_wconf 74' lang='lat' dir='ltr'>argu-</span> 
     </span>
    </p>
   </div>
   <div class='ocr_carea' id='block_1_6' title="bbox 1727 2761 1750 2800">
    <p class='ocr_par' dir='ltr' id='par_1_8' title="bbox 1727 2761 1750 2800">
     <span class='ocr_line' id='line_1_42' title="bbox 1727 2761 1750 2800; baseline 0 0"><span class='ocrx_word' id='word_1_380' title='bbox 1727 2761 1750 2800; x_wconf 86' lang='lat'><strong>3</strong></span> 
     </span>
    </p>
   </div>
  </div>
 </body>
</html>
