2273 3157
1132 199 1188 240 10

265 332 350 364 tum
378 337 481 378 quae
508 324 753 364 numerandi
779 330 839 364 est
865 329 904 362 et
928 319 1206 375 computandi,
1235 318 1455 360 virtutibus
1481 317 1794 372 adnumeratur,
1821 333 1906 362 non
1931 320 2057 361 vitiis.

267 387 380 438 Quid
407 402 505 442 ergo
533 387 640 428 inter
665 395 878 440 utrumque
903 386 1050 424 bonum
1078 384 1253 423 inedium
1280 383 1346 434 sit,
1371 383 1440 424 vix
1466 383 1550 422 ulla
1577 385 1725 425 mentis
1752 390 1820 425 aut
1846 383 1944 424 artis
1964 385 2057 423 sub-

265 450 411 490 tilitate
437 451 686 494 enucleabis.
742 451 878 505 ltaque
903 462 1041 502 parum
1064 452 1247 488 accurate
1274 446 1405 502 egisse
1430 447 1655 502 putaverim
1673 448 1783 490 viros
1803 447 1957 498 doctos,
1986 448 2060 501 qui

265 513 439 554 Beckeri
464 515 714 569 aliorumque
741 513 1008 553 auctoritatem
1036 512 1187 560 secuti,
1224 512 1509 551 abundantiam
1545 510 1693 550 Tacito
1719 511 1972 565 significasse
2001 510 2058 551 af·

266 577 429 619 firmant
452 580 610 620 divitias
636 584 675 619 et
701 576 913 624 luxuriam,
940 576 1136 616 rationem
1167 575 1274 616 idem
1309 575 1418 630 quod
1443 576 1751 630 parsimoniam:
1789 590 1911 629 quam
1939 575 2058 616 inter-

267 642 533 696 pretationem
559 642 679 681 talem
706 653 866 689 censeo,
906 637 1067 691 qualem
1104 639 1179 679 etsi
1215 640 1352 680 multis
1387 640 1431 679 in
1466 638 1566 679 locis
1593 639 1807 679 admissam
1834 645 1956 699 atque
1983 653 2061 679 usu

270 705 402 755 etiam,
428 719 551 758 pravo
576 704 761 745 videlicet
786 716 830 741 ac
844 702 1069 753 temerario,
1098 709 1314 756 receptam,
1342 702 1486 756 procul
1512 703 1769 758 profligatam
1799 708 1839 742 et
1865 702 2060 757 exstirpa-

268 774 350 808 tam
377 768 518 808 velim:
554 767 703 822 quippe
736 765 885 805 alienae
921 766 1145 806 sentcntiae
1172 767 1439 819 scriptoribus
1466 767 1738 821 injunguntur
1765 774 1804 805 ct
1830 765 1939 819 qnod
1967 766 2061 820 quis

267 831 505 885 scriptorem
529 831 660 871 dicere
686 829 861 884 potuisse
886 835 956 868 aut
982 829 1157 870 voluisse
1185 829 1387 884 opinatur,
1414 829 1459 870 id
1486 845 1579 872 vere
1606 830 1677 871 illc
1705 829 1855 871 dixisse
1883 837 1925 870 et
1945 829 2060 883 judi·

270 909 381 935 casse
404 901 577 949 putatur.
632 893 689 933 At
712 893 783 946 qui
809 894 885 932 hac
910 892 977 932 via
1004 893 1048 931 in
1075 894 1292 945 scriptores
1318 900 1474 933 veteres
1503 899 1749 947 grassantur,
1778 892 1939 948 corpori
1957 891 2062 933 male

268 956 426 998 adfecto
450 972 533 997 non
559 954 836 996 medicaminis
865 955 1023 1010 aliquid
1060 961 1130 995 aut
1156 956 1326 997 tomenti
1352 956 1609 1007 adhibuisse,
1646 956 1719 995 sed
1753 957 1836 996 vim
1875 956 2064 997 intulisse

266 1020 462 1061 videntur.
478 1022 515 1070 ⁵)
568 1018 650 1059 Sed
675 1033 797 1072 porro
832 1018 1138 1073 progrediamur
1173 1027 1212 1058 et
1247 1019 1420 1059 alterum
1458 1019 1564 1058 illud
1600 1020 1960 1073 argumentationis
1994 1034 2063 1074 ge·

265 1096 355 1133 nus,
383 1082 431 1122 de
460 1096 540 1136 quo
567 1096 693 1136 supra
719 1082 819 1133 dixi,
845 1097 1040 1136 usurpare
1068 1083 1209 1133 liceat,
1235 1098 1258 1122 a
1285 1082 1326 1122 vi
1354 1089 1394 1122 et
1419 1083 1584 1122 notione
1611 1083 1831 1136 praedicati
1860 1082 1969 1137 quod
1994 1096 2064 1123 vo-

266 1153 372 1198 cant,
398 1146 575 1188 ductum.
630 1145 800 1187 Scilicet
825 1146 1055 1202 interpretis
1083 1146 1218 1188 officio
1247 1162 1328 1188 non
1355 1146 1571 1188 admodum
1600 1146 1843 1186 satisfecisse
1879 1146 1982 1187 mihi
2004 1147 2063 1187 vi·

268 1211 430 1259 dentur,
459 1212 531 1264 qui
557 1225 640 1249 uno
667 1219 737 1249 aut
763 1212 887 1250 altero
915 1210 1212 1250 enunciationis
1241 1211 1419 1249 membro
1447 1210 1673 1264 explicato,
1708 1210 1774 1251 vel
1807 1209 2065 1264 singulorum

267 1272 553 1314 vocabulorum
580 1273 743 1314 notIone
770 1273 950 1325 definita,
978 1288 1063 1313 rem
1090 1280 1326 1314 transactam
1354 1280 1394 1314 et
1411 1274 1635 1314 absolutam
1655 1281 1835 1324 censent,
1864 1274 1978 1314 nulla
2004 1280 2064 1314 to·

268 1337 348 1377 tius
375 1337 674 1377 enunciationis
700 1341 1002 1391 sententiaeque
1028 1337 1247 1376 venustatis
1277 1337 1433 1376 ratione
1458 1337 1607 1378 habita.
1659 1336 1800 1391 Itaque
1828 1351 1972 1392 parum
2000 1336 2067 1377 rei

271 1399 546 1454 expediendae
573 1399 824 1441 consuluisse
852 1401 998 1450 credo,
1035 1399 1184 1453 quihus
1221 1402 1317 1440 satis
1351 1400 1428 1439 fuit
1464 1400 1515 1440 de
1540 1400 1674 1440 verbis
1703 1400 1909 1454 scriptoris
1936 1400 2066 1440 nostri

271 1464 399 1502 medio
425 1464 593 1504 rationis
618 1471 740 1519 atque
764 1464 1033 1505 abundantiae
1054 1462 1258 1517 judicium
1285 1462 1567 1519 qualecunque
1603 1464 1916 1518 pronunciasse,
1951 1463 2067 1504 nulla
2106 1499 2108 1501 .

274 1526 396 1580 plane
422 1542 517 1568 cura
543 1534 584 1568 et
610 1528 823 1582 diligentia
848 1528 980 1581 posita
1006 1527 1049 1565 iu
1074 1528 1199 1567 verbo
1226 1529 1382 1577 ducere,
1410 1540 1491 1581 quo
1519 1526 1689 1566 Tacitus
1716 1540 1813 1566 usus
1841 1532 1915 1579 est,
1941 1540 2068 1584 quum

275 1590 532 1645 explicando,
556 1597 642 1631 tum
668 1591 909 1632 excusando.
963 1589 1081 1642 Quae
1107 1590 1340 1644 diligentiae
1370 1605 1462 1644 pars
1488 1604 1537 1631 eo
1564 1589 1693 1644 magis
1718 1591 1794 1630 boc
1820 1591 1864 1630 in
1891 1591 1982 1631 loco
1999 1592 2067 1631 de·

278 1655 488 1705 sideratur,
515 1669 597 1709 quo
624 1654 748 1694 artior
776 1661 816 1695 et
841 1655 1063 1708 elegantior
1088 1655 1201 1694 verbi
1229 1669 1320 1693 cum
1347 1653 1519 1709 reliquis
1559 1653 1857 1693 enunciationis
1885 1654 2067 1708 partibus

277 1732 351 1770 per
377 1717 592 1771 imaginem
617 1717 834 1758 adhibitam
861 1718 1090 1772 conjunctio
1116 1725 1186 1760 est.
1246 1718 1429 1773 Apparet
1454 1716 1583 1769 enim,
1615 1716 1851 1772 scriptorem
1881 1732 1903 1758 a
1929 1716 2068 1772 specie

274 1781 348 1820 illa
374 1783 525 1821 mediae
551 1782 760 1834 cujusdam
792 1785 882 1823 viae
917 1782 1041 1822 semel
1068 1782 1247 1821 adhibita
1291 1782 1335 1821 in
1367 1782 1491 1822 verbo
1519 1780 1736 1834 deligendo
1763 1780 1949 1821 recedere
1982 1795 2068 1822 non

274 1843 468 1896 potuisse,
498 1844 620 1884 immo
647 1845 689 1883 in
720 1858 765 1884 ea
794 1844 911 1885 illum
939 1852 980 1885 et
1009 1844 1235 1885 constitisse
1273 1851 1313 1885 et
1349 1858 1607 1899 perseverare
1633 1842 1809 1884 voluisse
1846 1858 1921 1899 pro
1957 1852 2067 1887 certo

274 1908 500 1947 babendum
529 1915 600 1950 est.
654 1908 791 1958 Quare
819 1916 912 1948 ante
938 1909 1072 1948 omnia
1098 1908 1318 1948 videndum
1345 1914 1430 1947 erat
1455 1907 1743 1961 interpretibus
1764 1907 1864 1957 illis,
1894 1922 2067 1962 quorum

273 1970 506 2009 sententiam
534 1971 840 2026 impugnamus,
867 1984 912 2009 ac
941 1970 1317 2022 demonstrandum,
1346 1984 1428 2028 quo
1452 1971 1547 2025 jure
1575 1984 1740 2026 quaque
1767 1985 1893 2025 quum
1918 1987 2067 2014 sermo-

274 2034 337 2072 nis
361 2042 444 2074 tum
470 2036 690 2088 elegantiae
715 2036 805 2089 lege
831 2037 942 2074 ludos
970 2043 1089 2089 atque
1116 2035 1254 2075 inania
1280 2035 1446 2075 honoris
1483 2035 1614 2076 media
1640 2034 1778 2089 aliqua
1804 2037 1872 2075 vta
1900 2035 2068 2078 duxisse

274 2096 464 2150 Agricola
493 2098 573 2138 dici
599 2099 785 2153 potuerit.
838 2098 954 2150 Quae
980 2099 1132 2140 locutio
1166 2106 1288 2155 atque
1326 2098 1517 2155 imaginis
1550 2100 1707 2151 forma,
1742 2104 1788 2139 ut
1813 2105 1908 2154 apte
1934 2106 1975 2141 et
1999 2113 2066 2142 ve-

320 2243 353 2281 ’)
374 2243 583 2275 Novissimum
605 2247 746 2277 omnium
768 2246 872 2277 Taciti
893 2245 1050 2276 librorum
1070 2245 1222 2276 editorem
1243 2246 1413 2280 Francisc.
1435 2245 1595 2278 macrum
1625 2246 1659 2276 in
1683 2244 1793 2276 eadem
1814 2245 1969 2275 sententia
1992 2253 2064 2287 per-

381 2296 512 2333 stitisse,
529 2299 655 2330 miratus
664 2310 752 2330 sum:
778 2301 892 2331 etenim
914 2304 945 2331 et
964 2299 1020 2331 ille
1041 2299 1274 2332 abundantiam
1295 2299 1447 2342 intelligit
1468 2301 1521 2331 ein
1542 2298 1729 2330 niel-ticket
1752 2296 1788 2330 V
1783 2301 1941 2342 ennoyen.
1963 2298 2067 2341 Apud

382 2347 491 2383 Nicol.
512 2350 677 2390 Baebium,
700 2354 754 2395 qui
774 2354 935 2386 doctrinae
956 2365 1030 2387 suae
1051 2354 1144 2396 copia
1166 2357 1197 2385 et
1219 2353 1391 2386 subtilitate
1412 2362 1562 2393 magnam
1584 2352 1746 2394 plerisque
1768 2351 1808 2382 de
1828 2362 1884 2382 sna
1908 2353 1942 2383 in
1953 2353 2066 2385 Tacito

383 2405 616 2444 interpretando
638 2415 734 2446 opera
755 2407 910 2437 collocata
932 2417 1020 2448 spem
1041 2409 1248 2444 excitaverat,
1271 2408 1349 2439 haee
1370 2406 1414 2437 ad
1432 2406 1541 2436 locum
1561 2409 1706 2436 nostrum
1725 2405 1874 2436 adnotata
1894 2406 2063 2448 leg-untur·

384 2457 526 2494 „inania
547 2456 704 2488 bonorum
723 2458 882 2489 in-medio
902 2461 1031 2492 rationis
1052 2465 1147 2503 atquc
1168 2461 1381 2492 abundantiae
1404 2461 1466 2491 sita
1487 2469 1553 2490 esse
1573 2458 1681 2497 duxit,
1704 2459 1729 2491 i.
1751 2469 1781 2491 c.
1804 2458 1950 2490 Beckero
1972 2462 2068 2492 inte·-

381 2514 480 2552 prete,
505 2510 608 2540 media
628 2511 709 2541 inter
729 2512 881 2542 rationem
903 2516 932 2543 et
952 2513 1178 2546 abundantiam
1198 2514 1346 2546 habenda
1366 2522 1435 2544 esse
1457 2512 1595 2554 putavit:
1627 2513 1706 2543 ratio
1735 2513 1820 2544 enim
1851 2515 1971 2557 spernit
1998 2515 2055 2546 ina

383 2565 446 2601 nia,
468 2563 662 2595 abundantia
684 2565 723 2605 (i.
748 2575 781 2607 «1.
805 2565 942 2602 diutine,
965 2567 1102 2606 luxuria)
1124 2572 1229 2599 autern
1249 2568 1366 2607 gaudet
1386 2566 1554 2603 inanibns3
1577 2569 1608 2597 et
1623 2565 1783 2606 Agricola
1802 2582 1845 2590 —-
1866 2567 2002 2597 mediam
2023 2571 2066 2598 te-

382 2616 449 2644 nuit
469 2616 549 2645 viam
561 2639 570 2651 ‚
604 2626 704 2657 neque
724 2619 936 2659 parsimoniae
964 2630 1065 2662 neque
1086 2620 1230 2652 luxuriae
1251 2619 1336 2651 ultra
1355 2620 1484 2651 modum
1503 2619 1713 2660 indulgens.“
1759 2620 1830 2652 Cur
1850 2619 1928 2652 haec
1949 2622 1993 2652 ita
2014 2629 2065 2652 ex-

384 2677 492 2709 pressa
512 2668 589 2700 mila
611 2670 737 2711 quidem
757 2681 870 2715 parum
890 2673 1078 2715 probentur,
1103 2684 1169 2705 nou
1190 2677 1238 2705 est
1261 2673 1347 2713 quod
1367 2673 1593 2707 demonstrem.
