2273 3157
1135 220 1192 263 16

366 343 669 387 Verumtamen
695 346 876 387 nondum
904 351 1177 387 consummata
1204 350 1263 383 est
1289 340 1527 396 disputatio3
1569 341 1769 396 siquidem
1803 342 1907 381 nihil
1935 342 2065 381 adhue

260 409 498 461 didicimus,
524 409 611 450 nisi
636 410 773 450 locum
800 410 908 450 varie
935 423 1021 449 esse
1049 406 1312 460 exagitatum,
1344 406 1425 445 huc
1451 404 1549 446 illuc
1576 420 1758 458 versum,
1785 405 1961 460 denique
1991 405 2066 445 etsi

261 487 346 514 uon
376 472 683 529 inexplicabili,
709 481 844 514 tamen
871 473 1091 527 flexiloqua
1125 471 1297 526 quadam
1332 469 1573 511 obscuritate
1610 470 1862 511 involutumz
1916 470 2065 510 mirum

262 537 376 579 enim
402 550 450 578 ac
475 550 607 592 paene
632 536 912 593 prodigiosum
939 544 1014 588 est,
1041 543 1100 577 tot
1126 543 1166 577 et
1190 542 1271 576 tam
1303 535 1434 576 varias
1463 534 1535 574 uni
1560 533 1652 575 loco
1677 534 1900 575 adstructas
1924 532 2064 574 videre

262 602 533 658 interpretum
559 600 787 657 opiniones.
864 602 1003 656 Atque
1039 602 1126 656 ipsa
1162 601 1238 642 hac
1273 600 1517 640 diversarum
1544 599 1834 639 sententiarum
1862 598 2065 652 farragine

262 679 350 708 non
377 679 487 721 nego
512 678 579 707 me
605 664 824 722 aliquando
852 665 903 706 ad
928 665 971 705 id
999 664 1290 719 desperationis
1325 664 1529 705 redactum
1564 676 1666 710 csse,
1693 668 1738 701 ut
1763 663 1946 703 voculam
1983 678 2065 702 mo-

264 730 316 768 do
350 728 474 782 plane
510 730 811 784 exstirpandam
838 743 1005 783 eamque
1032 742 1105 783 per
1129 727 1289 768 librarii
1316 742 1491 768 errorem
1519 726 1719 766 inductam
1749 727 1966 776 crederem,
1994 741 2062 765 an-

263 791 523 847 tiquitasque
549 792 744 847 scriptum
777 793 1035 845 conjicerem=
1061 794 1291 832 naorationis
1304 798 1344 841 ⁹)
1372 800 1491 845 atque
1519 790 1670 830 abund.
1711 790 1782 830 Sic
1805 798 1846 830 ut
1866 791 2063 830 vocabulo

265 855 342 895 illo
369 855 526 895 rariore
553 855 744 910 quidem,
782 856 854 897 sed
880 855 1050 896 Latinae
1082 854 1220 908 stirpis
1255 854 1483 895 denotatam
1511 854 1781 894 existimarem
1816 855 1866 894 ab
1901 862 2063 894 auctore

266 919 458 959 inutilem
494 925 534 959 et
568 919 755 959 frivolam
781 919 972 974 temporis
1007 918 1244 971 honestique
1278 917 1353 958 otii
1389 918 1760 972 consumptionem:
1811 919 2063 966 Zeitverlust,

266 981 521 1022 Zeitverderb
529 997 545 1032 3
573 981 863 1022 abundantiam
890 990 1021 1022 autem
1048 996 1140 1021 cum
1168 981 1424 1020 Boetticbero
1461 981 1693 1035 significare
1719 988 1902 1035 putarem
1927 996 2062 1035 super·

266 1047 438 1086 vacanei
480 1044 695 1098 cujusdam
739 1047 873 1101 operis
914 1054 954 1086 et
996 1046 1172 1086 muneris
1218 1044 1503 1085 conditionem.
1583 1046 1772 1084 Attamen
1819 1045 1905 1098 ipsa
1943 1045 2061 1084 Codi-

265 1123 361 1148 cum
388 1107 571 1161 paucitas
599 1109 756 1149 cautius
784 1124 902 1164 agere
927 1110 1132 1160 suadebat,
1159 1109 1282 1163 inque
1308 1107 1487 1162 vestigiis
1514 1107 1815 1161 antiquissimae
1842 1107 2064 1162 scripturae

267 1173 456 1211 insistere
495 1172 623 1211 satius
658 1172 886 1214 videbatur.
949 1173 1035 1213 Nec
1061 1187 1156 1212 vero
1183 1171 1434 1226 acquiescere
1459 1171 1606 1211 licebat
1633 1178 1699 1210 aut
1725 1171 1891 1212 lubebat
1920 1172 1963 1211 in
1990 1188 2061 1214 no·

266 1235 379 1275 tione
404 1233 518 1274 verbi
544 1235 702 1284 discere,
730 1249 850 1289 quam
880 1237 976 1276 huic
1002 1237 1091 1277 loco
1117 1236 1300 1289 plerique
1326 1235 1594 1285 vindicarunt,
1622 1242 1667 1275 ut
1693 1250 1714 1275 a
1739 1238 1890 1288 pompis
1917 1238 2060 1276 ducen-

265 1300 326 1337 dis
357 1297 524 1336 notione
551 1297 603 1336 ad
630 1297 821 1353 ludorum
850 1300 1062 1340 sollemnia
1087 1299 1276 1339 translata
1303 1298 1418 1352 quasi
1452 1313 1525 1352 per
1560 1297 1850 1352 Synecdoehen
1892 1309 2060 1355 cognata

265 1361 464 1401 habeatur
490 1360 735 1415 significatio
761 1363 885 1402 verbo
913 1371 952 1403 et
979 1363 1173 1403 locutioni
1201 1363 1319 1415 louge
1349 1362 1567 1402 usitatiori:
1601 1363 1717 1402 edere
1746 1363 1883 1402 ludos:
1911 1379 2061 1406 novum

265 1425 376 1464 enim
414 1424 455 1463 id
495 1424 616 1479 plane
655 1424 841 1465 existimo
878 1433 918 1466 et
952 1425 1177 1466 inauditum
1214 1433 1254 1465 et
1279 1427 1481 1478 quomodo
1508 1426 1558 1466 ad
1586 1427 1725 1465 inania
1752 1426 1913 1468 honoris
1940 1430 2061 1470 salvis

265 1488 440 1528 rationis
469 1488 632 1541 legibus
658 1489 803 1528 referri
830 1490 1028 1543 potuerit,
1065 1488 1221 1529 etiamsi
1247 1502 1270 1527 a
1297 1489 1528 1543 zeugmatis
1554 1490 1683 1529 forma
1711 1489 1868 1544 aliquid
1897 1507 2058 1534 excusa-

264 1552 390 1592 tionis
416 1558 553 1606 petere
579 1551 721 1602 liceat,
757 1553 827 1592 vix
852 1553 1127 1593 ratiocinando
1156 1551 1391 1605 assequaris.
1446 1551 1494 1590 In
1524 1552 1596 1592 bac
1623 1553 1748 1606 igitur
1773 1568 1906 1594 rerum
1937 1560 2058 1597 ambi-

266 1615 419 1668 guitate
455 1614 553 1654 dum
589 1614 968 1669 circumspectabam
994 1629 1097 1656 nova
1133 1615 1270 1669 aliqua
1304 1614 1394 1654 loco
1431 1615 1557 1655 veluti
1582 1622 1795 1671 aggravato
1824 1617 2059 1674 levamenta,

265 1679 397 1718 bonae
435 1677 524 1731 spei
550 1677 803 1732 aliquantum
841 1678 998 1719 adferre
1029 1679 1240 1718 videbatur
1276 1676 1504 1717 Marklandi
1544 1680 1810 1720 eruditissima
1850 1684 1897 1722 ad
1939 1684 2059 1726 Statii

267 1740 375 1781 Silv.
402 1739 460 1791 V,
486 1740 526 1791 3,
552 1740 619 1782 92.
647 1740 869 1790 adnotatio,
899 1741 972 1781 ubi
998 1742 1137 1782 multis
1164 1749 1203 1782 et
1228 1740 1445 1782 luculentis
1471 1743 1670 1784 variorum
1698 1743 1959 1798 scriptorum,
1986 1764 2057 1804 po-

264 1812 420 1844 etarum
446 1803 643 1852 maxime,
677 1804 876 1858 exemplis
910 1805 1024 1844 verbi
1058 1807 1201 1846 ducere
1235 1805 1398 1859 propria
1433 1812 1473 1845 et
1507 1805 1668 1860 elegans
1702 1821 1794 1847 cum
1821 1812 2058 1857 nominibus

261 1866 508 1922 quibusdam
536 1866 764 1906 illustratur
786 1868 1037 1923 compositio.
1091 1869 1229 1923 Itaque
1255 1869 1589 1923 quemadmodum
1616 1870 1831 1913 sollemnes
1853 1884 1967 1916 erant
1998 1880 2055 1918 di·

259 1931 441 1970 etionesz
469 1931 615 1969 ducere
627 1937 786 1979 cannas,
804 1931 994 1981 dolorem,
1020 1932 1186 1981 volam,
1213 1933 1398 1985 suspiria,
1419 1947 1555 1988 gyros,
1583 1935 1788 1993 querelas,
1816 1938 1967 1991 quibus
1994 1943 2054 1982 ni-

267 1992 331 2032 bil
357 1992 442 2032 fere
470 1992 678 2046 designari
703 1993 966 2034 Marklandus
993 1996 1068 2045 ait,
1102 1995 1181 2034 nisi
1215 1995 1435 2046 actionem,
1475 2011 1581 2051 quae
1613 1999 1779 2039 nomine
1805 2002 2057 2047 substantivo

262 2055 518 2105 continetur,
546 2055 607 2094 sic
634 2062 679 2094 ut
705 2056 849 2097 ducere
874 2058 1046 2099 dolorem
1072 2057 1216 2098 dictum
1245 2058 1417 2113 accipias
1442 2074 1517 2114 pro
1544 2062 1697 2113 «latere,
1737 2063 1925 2105 similiter
1951 2069 2055 2119 alia,

260 2118 367 2158 nihil
395 2117 592 2171 impedire
618 2116 827 2170 opinabar,
857 2122 1072 2175 quominus
1103 2122 1213 2161 ludos
1238 2123 1380 2162 ducere
1416 2123 1556 2164 eadem
1581 2125 1748 2166 licentia
1774 2133 1814 2166 et
1841 2140 2053 2171 consuetu-

262 2182 358 2221 dine
383 2178 561 2234 positum
589 2180 880 2233 existimarem
921 2183 1000 2224 nisi
1035 2186 1142 2239 quod
1177 2185 1404 2227 Marklandi
1439 2188 1809 2242 interpretationem
1836 2193 2053 2237 artioribus

370 2378 492 2409 Lexico
513 2375 619 2408 Tacit.
639 2390 675 2420 p.
697 2377 790 2413 506.
808 2380 987 2414 alterutram
1004 2384 1086 2418 banc
1104 2388 1292 2431 scripturam
1317 2388 1373 2431 qui
1395 2386 1625 2426 ammei-int,
1652 2387 1766 2420 mirum
1783 2390 1818 2422 in
1838 2393 1966 2426 modum
1986 2396 2052 2429 loci

363 2430 551 2463 sententiam
574 2433 757 2464 contorsisse
782 2435 838 2469 nit.
896 2435 958 2469 Cui
991 2439 1096 2483 itaque
1132 2443 1258 2476 crimini
1287 2443 1345 2475 eui
1376 2451 1428 2472 me
1456 2451 1580 2484 quoque
1604 2442 1777 2476 obnoxium
1793 2449 1914 2486 sentio.
1946 2455 2049 2484 tamen

361 2485 418 2517 ubi
433 2485 557 2516 ratione
572 2485 678 2526 agitur
696 2491 725 2518 et
742 2489 888 2528 consilio,
900 2491 961 2522 tale
974 2494 1205 2537 praejudicium
1223 2508 1289 2529 non
1308 2495 1580 2528 reformidandum
1591 2501 1651 2530 est.

278 2540 333 2580 ¹0)
350 2540 481 2572 Scilicet
497 2539 598 2571 errori
616 2549 758 2573 caussam
776 2543 852 2576 darc
868 2549 988 2588 poterat
1006 2552 1244 2594 compendiaria
1269 2549 1431 2583 scribendi
1457 2551 1557 2590 ratio,
1582 2563 1645 2594 qua
1668 2554 1786 2595 passim
1806 2555 1841 2586 in
1861 2565 1939 2588 voce
1956 2559 2049 2590 modo

355 2593 546 2635 designanda
565 2603 638 2626 usos
653 2605 719 2627 esse
738 2596 888 2630 librarios
904 2601 1029 2634 codices
1045 2604 1200 2645 produnt.
1243 2602 1319 2637 cfr,
1337 2603 1468 2638 Frena
1487 2604 1522 2638 iu
1538 2606 1652 2641 Indice
1671 2606 1900 2652 Compendior.
1922 2611 1963 2643 ad
1973 2610 2047 2644 Cic.

353 2644 446 2679 Orat.
461 2656 494 2688 p.
517 2645 591 2681 Mil.
607 2658 643 2692 p.
659 2649 745 2686 vn.
766 2656 796 2684 et
812 2652 941 2690 Drakb.
956 2656 998 2688 ad
1019 2655 1094 2691 Liv.
1114 2656 1185 2693 111,
1203 2655 1265 2696 55,
1285 2656 1324 2694 ὅ.
