2273 3157
1148 208 1206 251 12

1054 264 1300 287 ΞΕ

271 341 453 389 spectare
479 340 521 374 et
546 334 756 385 adfectus,
792 349 875 376 non
911 333 1085 374 hominis
1123 331 1166 370 in
1193 329 1417 385 sumptibus
1444 327 1644 368 faciundis
1673 327 1778 368 intra
1800 329 1961 382 justum
1987 343 2069 368 mo·

270 398 366 438 dum
394 412 483 439 sese
511 398 781 451 continentis3
815 398 1030 453 conspicua
1066 395 1198 451 potins
1225 394 1270 434 fit
1296 394 1423 434 virtus
1451 392 1521 432 illa
1547 391 1727 433 moribus
1753 399 1874 448 atquc
1903 392 2070 448 ingenio

269 477 400 517 eaque
428 462 610 502 maxime
636 462 942 513 temperatione,
970 475 1048 516 qua
1076 460 1117 498 in
1148 459 1246 498 alios
1274 472 1346 498 nos
1373 457 1550 512 gerimus
1575 456 1783 507 homines,
1822 456 2068 511 quibuscum

271 527 469 567 vivimus:
511 526 578 566 his
615 526 724 567 enim
759 526 1070 567 moderationem
1107 530 1281 562 nostram
1326 530 1446 577 atque
1495 517 1729 561 modestiam
1767 520 2071 575 comprobemus

273 605 442 632 necesse
468 592 596 642 est.⁶)
650 588 824 630 Prorsus
853 588 988 644 itaque
1014 587 1230 628 honestatis
1258 601 1304 627 ac
1331 585 1608 641 generositatis
1642 598 1736 639 pars
1772 590 1833 624 est
1868 591 1907 624 et
1941 583 2069 625 homi-

273 655 341 694 nis
367 655 447 694 sibi
473 668 525 694 ex
551 667 683 707 aequo
710 653 964 707 temperantis
991 652 1197 705 animique
1225 651 1329 689 firmi
1357 657 1395 690 ct
1423 649 1662 699 constantis,
1687 662 1769 687 non
1798 648 2070 688 ratiocinantis

274 725 345 758 aut
373 717 461 759 suis
487 716 611 758 rebus
638 715 806 771 suisque
833 714 1055 756 commodis
1080 714 1299 769 prudenter
1329 720 1398 754 aut
1431 713 1576 754 callide
1614 712 1919 768 prospicientis:
1960 711 2070 766 quod

275 797 365 823 esse
392 782 497 822 solet
521 787 812 830 mercatorum,
842 778 1134 833 negotiatorum
1163 785 1202 817 et
1229 778 1464 831 quicunque
1490 784 1700 831 quaestum
1734 777 1896 816 faciunt.
1952 775 2068 827 Quae

276 853 423 888 cuncta
451 845 606 919 quippe
632 842 728 899 trita
753 849 793 883 et
819 842 952 882 ubivis
982 842 1100 882 obvia
1137 841 1331 895 exemplis
1358 841 1558 882 illustrare
1583 856 1665 881 non
1693 841 1813 916 pretii
1840 848 1920 892 est,
1957 855 2069 895 prue-

275 911 415 952 sertim
442 910 479 949 si
505 908 677 949 lectores
703 906 892 947 benevoli
919 905 1118 946 attendere
1146 905 1269 945 velint
1297 919 1395 957 eam,
1426 919 1548 959 quam
1576 919 1609 947 c·
1637 907 1674 946 7.
1704 906 1760 945 in.
1802 904 1993 946 Tacitus
1981 918 2068 960 ipsc

275 975 404 1027 hujus
431 973 543 1013 vocis
572 978 694 1026 atque
722 970 881 1011 virtutis
908 969 1006 1024 ipsis
1032 969 1152 1008 rebus
1178 969 1370 1008 enarratis
1398 968 1557 1008 definiri
1593 976 1634 1008 et
1670 970 1861 1008 constitui
1897 969 2069 1009 voluerit

274 1039 500 1079 notionem.
554 1034 725 1085 verum,
749 1040 1029 1090 praeterquam
1057 1034 1165 1087 quod
1193 1019 1509 1073 emendationem
1538 1032 1648 1071 illam
1667 1033 1770 1077 sive
1796 1032 2068 1086 conjecturam

275 1101 541 1154 rejiciendam
569 1113 657 1139 esse
684 1111 844 1147 censeo,
872 1096 981 1151 quod
1007 1111 1029 1135 a
1056 1097 1294 1150 proprietate
1321 1096 1516 1135 sermonis
1551 1095 1760 1146 abhorret,
1795 1103 1918 1136 totam
1946 1095 2068 1135 etiam

275 1163 601 1204 enunciationem
627 1162 684 1201 ita
710 1161 957 1200 immutatam
983 1159 1148 1199 rationis
1176 1160 1334 1213 legibus
1364 1174 1588 1212 repugnare
1609 1159 1723 1198 nobis
1743 1173 1976 1214 persuasum
1995 1166 2067 1200 est.

382 1227 466 1267 Sed
493 1240 546 1265 ne
573 1225 681 1265 viros
708 1223 908 1278 quosdam
936 1221 1137 1262 doctrinae
1166 1223 1279 1277 copia
1307 1230 1345 1262 ct
1370 1222 1587 1262 subtilitate
1616 1222 1795 1277 insignes
1829 1229 1977 1263 temere
2005 1236 2065 1262 cr-

273 1291 377 1330 roris
404 1288 638 1342 coarguisse
663 1286 819 1337 videar,
844 1285 958 1325 brevi
984 1285 1231 1339 suspiciones
1260 1286 1357 1324 mihi
1383 1286 1566 1325 subortas
1586 1286 1841 1327 enumerabo.
1882 1286 2065 1326 Primum

273 1353 440 1408 quidem
467 1352 584 1392 valde
612 1349 777 1401 dubito,
825 1348 928 1404 quin
954 1348 1133 1403 vulgaris
1161 1349 1229 1389 illa
1258 1349 1369 1389 verbi
1395 1350 1537 1390 ducere
1566 1349 1700 1400 notio,
1739 1363 1818 1404 qua
1846 1349 1952 1389 idem
1982 1350 2067 1390 fere

272 1418 428 1459 auctori
461 1421 601 1457 nostro
628 1413 754 1454 fuisse
780 1412 963 1453 creditur
989 1413 1098 1467 quod
1125 1416 1375 1462 existimare,
1413 1413 1492 1453 loci
1527 1413 1650 1453 fucrit
1684 1427 1730 1454 ac
1756 1414 1963 1468 temporis.
2017 1414 2067 1453 Id

271 1488 406 1522 autem
433 1478 702 1535 praecipuum
730 1475 927 1532 quiddam
955 1483 1028 1528 est,
1054 1476 1222 1518 cuilibet
1247 1476 1433 1531 scriptori
1459 1476 1765 1527 observandum,
1791 1484 1836 1518 nt
1854 1477 1961 1532 quod
1982 1478 2065 1518 cni-

272 1559 354 1598 que
380 1545 472 1584 loco
498 1542 552 1583 sit
577 1539 857 1596 aptissimum,
885 1539 1036 1594 deligat
1060 1539 1224 1581 verbum
1252 1554 1298 1579 ae
1325 1552 1483 1578 nomen.
1536 1540 1602 1579 Ae
1627 1539 1662 1579 si
1688 1540 1921 1594 Agricolam
1949 1541 2066 1582 ludos

270 1630 324 1638 —
351 1605 640 1648 moderationis
666 1610 790 1659 atque
815 1603 1086 1644 abundantiae
1111 1604 1271 1643 dzaisse
1288 1602 1372 1642 sive
1387 1604 1629 1643 existimasse
1647 1603 1938 1655 contendimus,
1965 1605 2065 1658 quid

271 1685 423 1726 quaeso
449 1671 549 1709 baec
576 1668 628 1708 ad
654 1681 753 1718 rem,
779 1666 831 1706 de
861 1680 941 1720 qua
968 1665 1140 1720 scriptor
1166 1665 1362 1720 exponit?
1416 1665 1563 1705 Nonne
1590 1667 1825 1705 edendorum
1852 1674 1920 1707 aut
1946 1669 2062 1708 edito-

268 1751 360 1774 rum
387 1734 578 1774 ludorum
605 1730 674 1770 hic
700 1730 836 1784 potius
863 1729 1001 1783 aliqua
1028 1744 1051 1769 a
1077 1729 1274 1783 scriptore
1299 1728 1449 1769 mentio
1475 1728 1562 1769 fleri
1589 1728 1769 1779 debebat,
1797 1743 1916 1781 quam
1943 1731 2062 1772 ratio·

267 1798 347 1848 nis,
375 1811 458 1852 qua
485 1797 528 1837 in
556 1792 726 1834 ludicris
753 1791 838 1832 illis
865 1798 906 1833 et
931 1791 1171 1847 spectaculis
1198 1791 1397 1846 agendum
1425 1806 1510 1832 esse
1522 1791 1711 1847 Agricola
1741 1794 1967 1834 censuerit?
1995 1794 2060 1835 Id-

268 1876 348 1917 que
375 1874 425 1902 eo
451 1859 580 1915 magis
608 1872 631 1898 a
657 1856 854 1911 scriptore
880 1855 1016 1896 verbis
1042 1855 1215 1911 exprimi
1242 1855 1429 1895 debuisse
1457 1855 1598 1906 credo,
1633 1856 1741 1910 quod
1769 1856 1957 1912 deinceps
1984 1866 2060 1899 sta-

267 1927 340 1965 tim
370 1924 543 1972 addidit,
573 1922 632 1961 uti
657 1921 782 1974 longe
810 1935 833 1960 a
859 1919 1045 1970 luxuria,
1082 1920 1137 1959 ita
1173 1920 1302 1959 famae
1338 1919 1565 1973 propiorem
1599 1921 1770 1961 evasisse
1804 1922 2057 1975 Agricolam.

266 1988 398 2028 Nemo
426 1987 535 2028 enim
563 2001 586 2026 a
613 1983 775 2025 luxuria
801 1997 890 2023 sese
924 1981 1170 2023 abstinuisse
1205 1982 1391 2036 famaque
1425 1989 1463 2023 et
1497 1982 1787 2024 existimatione
1821 1985 1927 2040 apud
1963 2001 2058 2027 suos

265 2060 408 2091 auctus
435 2064 523 2090 esse
551 2050 632 2088 dici
657 2054 803 2101 potest,
829 2046 909 2085 nisi
936 2046 1010 2099 qui
1037 2046 1195 2099 agendo
1221 2052 1262 2084 et
1286 2046 1499 2086 factitando
1532 2047 1701 2087 aliorum
1740 2049 1783 2086 in
1817 2063 1861 2088 se
1895 2064 2058 2089 conver-

265 2115 359 2162 mit
386 2113 597 2155 hominum
623 2110 765 2153 oculos
793 2115 834 2150 et
861 2109 1031 2161 animos,
1056 2122 1232 2164 suosque
1258 2122 1387 2150 mores
1412 2124 1458 2151 ac
1482 2124 1622 2152 sensus
1648 2110 1740 2153 aliis
1767 2112 2059 2167 approbaverit.

267 2179 392 2228 Quod
417 2192 545 2231 quum
571 2176 771 2217 sentirent
796 2174 923 2227 hujus
948 2173 1031 2213 loci
1056 2173 1304 2227 interpretes,
1330 2173 1449 2214 verbo
1483 2176 1628 2217 «luem
1662 2176 1706 2215 id
1741 2176 1828 2215 sive
1854 2176 2059 2229 gravitatis

312 2290 328 2308 ⁶
455 2289 463 2297 .
763 2288 772 2296 .
896 2287 917 2296 ..
1144 2287 1151 2295 .
1442 2288 1450 2297 .
1496 2289 1505 2298 .
1604 2288 1613 2297 .

331 2291 345 2330 ³
369 2285 1269 2382 fffflssszzt“‚3iz't‘1'v·f”ff‘03‘‡lssqffl
1286 2286 2056 2387 35:3⁷5:ssssss‘3¹:520”:¹::·:.;5;

371 2406 469 2438 quam
489 2405 509 2425 a
530 2394 633 2426 nimia
655 2394 793 2436 quadam
813 2398 846 2425 et
864 2394 1081 2436 intempestiva
1101 2394 1270 2436 colligendi
1291 2400 1321 2428 et
1342 2396 1537 2437 congerendi
1557 2396 1721 2427 sedulitate
1735 2396 1912 2441 judiciique
1932 2398 2055 2432 levitate

366 2450 451 2484 male
472 2448 562 2482 audit
582 2448 671 2491 apud
690 2447 862 2480 sever-iores
876 2447 1013 2491 judices,
1042 2448 1117 2490 (cfr.
1139 2448 1341 2492 Bernhardy,
1367 2448 1542 2482 Grau-driu
1562 2450 1621 2482 der
1638 2451 1732 2484 Ro'm.
1756 2452 1866 2486 Liuer.
1883 2464 1920 2497 p.
1945 2454 2054 2492 270.)

313 2534 315 2537 ⁴
364 2505 428 2538 sibi
450 2508 558 2536 umen
578 2503 614 2532 in
635 2500 696 2532 bac
717 2501 843 2533 virtutis
862 2501 968 2542 specie
987 2501 1172 2533 illustranda
1193 2504 1350 2539 constitit,
1382 2503 1428 2533 sic
1456 2506 1491 2533 ut
1511 2513 1577 2535 aon
1597 2504 1693 2547 plane
1713 2507 1889 2547 respuenda
1911 2508 2054 2538 videatur

365 2560 434 2603 ejus
454 2556 657 2641 auctoritas.2
682 2553 782 2589 Adde
802 2553 892 2587 aliud
912 2554 1090 2596 exemplam
1108 2556 1205 2600 idque
1226 2556 1421 2590 notissimum
1442 2555 1617 2602 Pomponii
1635 2558 1756 2599 Attici,
1790 2570 1808 2591 a
1829 2559 1984 2593 cornelio
2005 2571 2052 2593 re-

366 2613 467 2645 llm
489 2620 521 2644 co
546 2609 607 2649 ¹⁴,
660 2631 673 2645 ο
1974 2638 1976 2640 -
