2273 3157
256 1191 422 1258 Latine
447 1216 653 1256 scribendi
678 1222 718 1257 et
743 1215 1038 1257 commentandi
1065 1208 1271 1272 mos,'per
1290 1230 1433 1258 manus
1460 1218 1581 1273 quasi
1620 1229 1643 1257 a
1669 1217 1874 1273 prioribus
1902 1235 2040 1278 accep-

257 1289 345 1332 tus,
380 1291 623 1335 quamquam
649 1293 672 1320 a
698 1279 909 1320 nonnullis
934 1285 1070 1321 nostra
1105 1285 1232 1321 aetate
1258 1280 1519 1335 impugnatus
1546 1280 1807 1335 elegantioris
1834 1283 2041 1327 doctrinae

257 1343 533 1395 sectatoribus,
557 1342 716 1383 firmum
743 1343 942 1398 quoddam
970 1350 1009 1385 ct
1034 1344 1245 1384 honestum
1280 1350 1421 1386 nactus
1457 1350 1517 1384 est
1549 1344 1796 1398 praesidium
1832 1346 1921 1401 ipso
1955 1350 2042 1400 illo,

257 1408 367 1461 quod
393 1407 477 1447 fere
503 1406 635 1446 ubivis
660 1407 827 1457 obtinet,
853 1408 1051 1460 majorum
1077 1406 1277 1456 instituto,
1302 1421 1385 1461 quo
1410 1407 1476 1447 vel
1502 1407 1751 1448 orationibus
1777 1410 1943 1462 publice
1970 1415 2039 1454 ba-

256 1469 422 1520 bendis,
455 1468 521 1510 vel
546 1468 821 1510 Sollemnibns
858 1469 1100 1524 quibusdam
1133 1470 1209 1511 rite
1242 1470 1481 1524 peragendis
1506 1470 1654 1511 Latino
1679 1471 1933 1526 potissimum
1959 1491 2042 1516 ser-

257 1548 376 1575 mone
402 1531 575 1588 pracl'ari
601 1539 721 1588 atque
747 1532 829 1573 diei
854 1532 1027 1586 alicujus
1063 1532 1368 1575 sollemnitatem
1394 1532 1551 1575 Latinis
1587 1533 1717 1575 literis
1755 1534 1938 1578 indicere
1973 1540 2042 1580 do-

258 1596 435 1637 ctoribus
461 1602 582 1650 atque
607 1595 808 1650 magistris
843 1596 1072 1637 mandatum
1106 1602 1177 1637 cst.
1233 1594 1348 1646 Quae
1384 1596 1630 1638 consuetudo
1665 1597 1727 1637 uti
1761 1597 1812 1638 ab
1847 1606 2044 1644 vetustate

258 1660 396 1702 multis
422 1659 652 1701 nominibus
676 1659 995 1711 commendatur,
1022 1660 1076 1700 ita
1102 1673 1177 1715 per
1201 1672 1245 1699 se
1271 1657 1443 1715 spectata
1470 1658 1578 1700 nibil
1603 1672 1771 1716 prorsus
1795 1660 1875 1702 fert
1890 1662 2045 1707 incom—

257 1723 389 1773 modi,
415 1724 565 1763 nedum
591 1723 729 1763 damni
755 1730 825 1763 aut
850 1723 1099 1768 detrimentiz
1136 1722 1257 1763 immo
1282 1722 1531 1762 incitamenti
1556 1722 1717 1776 aliquid
1742 1722 1949 1781 simulque
1974 1730 2044 1769 οι).

256 1786 485 1827 lectamenti
510 1785 646 1826 animo
672 1794 792 1841 atque
818 1787 985 1841 ingenio
1010 1785 1189 1841 praebet.
1241 1785 1315 1825 Est
1340 1785 1446 1825 enim
1472 1785 1543 1825 illa
1568 1785 1717 1827 Latine
1742 1787 1951 1841 scribendi
1977 1807 2045 1832 ex-

257 1850 438 1890 ercitatio
465 1856 577 1903 grata
603 1850 729 1888 veluti
753 1857 794 1889 et
820 1849 967 1889 blanda
991 1849 1260 1904 peregrinatio
1274 1876 1288 1899 ,
1323 1862 1511 1889 sensuum
1547 1856 1780 1890 nostrorum
1807 1851 1859 1890 ad
1894 1854 2047 1907 optima

258 1926 442 1968 quaeque
468 1912 630 1952 dicendi
656 1919 695 1951 et
721 1912 926 1964 cogitandi
952 1911 1134 1965 exempla
1160 1910 1494 1962 accommodatio,
1528 1911 1656 1952 libera
1691 1911 1890 1968 quaedam
1918 1923 1958 1956 et
1984 1919 2047 1958 in-

260 1991 413 2031 genua,
445 1990 527 2016 non
553 1990 649 2017 vero
674 1975 831 2015 servilis
856 1982 928 2015 aut
951 1974 1125 2019 obnoxia
1151 1974 1580 2027 praestantissimorum
1608 1976 1850 2029 scriptorum
1876 1980 2047 2022 imitatio

260 2042 465 2095 totiusque
491 2045 649 2080 nostrae
676 2045 841 2078 naturae
874 2037 918 2078 in
952 2035 1146 2088 alienam,
1178 2037 1249 2077 scd
1288 2037 1435 2077 bonam
1471 2045 1592 2092 atque
1628 2040 1832 2093 egregiam
1867 2042 2049 2086 indolem

258 2102 385 2145 ,veluti
410 2102 635 2144 conversio.
690 2101 826 2152 Quare
859 2100 933 2154 qni
966 2100 1063 2140 huic
1098 2100 1164 2140 vel
1200 2100 1278 2140 arti
1312 2100 1377 2140 vel
1413 2101 1691 2141 exercitationi
1724 2103 1973 2157 obtrectant,
2010 2117 2050 2147 et

261 2165 462 2224 quidquid
488 2164 528 2207 ei
553 2163 686 2206 laudis
710 2170 833 2219 atque
859 2162 1025 2205 honoris
1051 2161 1184 2205 adbuc
1209 2161 1403 2204 tribuitur
1416 2193 1428 2214 ,
1467 2179 1514 2204 eo
1540 2163 1796 2218 potissimum
1823 2166 2050 2224 infringere

264 2238 333 2274 aut
368 2229 606 2271 imminuere
639 2227 822 2278 student,
878 2227 989 2281 quod
1023 2225 1212 2282 plerique
1258 2233 1395 2267 nostro
1435 2225 1597 2268 saeculo
1642 2227 1787 2268 Latine
1829 2231 2054 2276 scribentes

260 2292 519 2351 quantumvis
544 2291 669 2332 multo
694 2290 827 2331 labore
852 2289 1062 2331 ae'studio
1095 2286 1204 2330 nibil
1238 2289 1410 2329 assecuti
1452 2288 1685 2342 videantur,
1718 2290 1801 2331 nisi
1837 2301 1884 2333 ut
1918 2297 2055 2349 palam

262 2357 447 2414 exemplo
469 2369 546 2409 suo
573 2354 830 2404 ostenderint,
854 2359 1049 2409 quantum
1075 2353 1225 2393 distent
1251 2352 1301 2391 ab
1327 2352 1507 2415 antiquis
1532 2353 1816 2409 scriptoribus,
1842 2356 1887 2398 id
1914 2360 2055 2403 saltem

263 2419 482 2474 voluptatis
507 2420 733 2461 concedant
756 2432 905 2473 quaeso
930 2416 1136 2458 literarum
1146 2415 1383 2461 Latinarum
1412 2417 1659 2469 doctoribus,
1686 2426 1733 2459 nt
1756 2420 1810 2459 de
1836 2423 1957 2464 rebus
1984 2440 2053 2466 an-

263 2483 388 2540 tiquis
413 2482 548 2538 prisco
574 2497 757 2526 sermone
784 2481 977 2524 disserere
1000 2479 1130 2522 liceat.
1182 2478 1327 2535 Neque
1353 2480 1463 2522 enim
1489 2480 1666 2536 legimus
1694 2480 1934 2527 Ciceronem
1959 2504 2055 2542 poe.

265 2548 433 2591 nituisse
458 2552 529 2588 aut
554 2547 770 2603 puduisse,
806 2545 915 2602 qnod
942 2543 1091 2586 Graece
1127 2543 1176 2585 de
1211 2542 1425 2585 consulatu
1464 2557 1539 2586 suo
1571 2545 1826 2600 exposuerit,
1862 2550 2057 2608 qnodque

266 2614 420 2656 Graece
446 2610 554 2665 apud
579 2610 787 2652 Molonem
812 2607 1146 2661 declamitavcrit,
1180 2607 1254 2650 etsi
1288 2622 1371 2650 non
1407 2607 1579 2651 dubium
1614 2616 1700 2662 est,
1734 2610 1836 2665 quin
1873 2612 1946 2656 ille
1982 2632 2057 2659 nec
