2273 3157
1109 215 1166 261 13

243 344 328 384 sive
354 344 559 399 potestatis
585 343 840 393 addiderunt,
867 347 911 382 ut
936 340 1258 381 substituendum
1284 352 1373 380 esse
1400 341 1615 378 censerent
1647 340 1779 375 mente
1814 341 1854 376 et
1889 332 2038 389 cogita·

242 411 365 459 tione,
393 408 594 448 habendos
622 421 709 447 csse
734 407 853 446 ludos
874 405 941 445 vel
969 405 1012 443 in
1039 404 1090 443 iis
1118 402 1282 443 edendis
1309 402 1510 459 agendum
1539 414 1628 440 esse
1653 399 1739 440 sive
1764 398 2039 439 moderatione

241 473 326 512 sive
354 473 508 512 ratione
535 479 574 512 et
599 471 859 512 abundantia.
912 470 1067 509 Verum
1102 482 1149 507 eo
1186 468 1276 522 ipso
1309 466 1412 507 mihi
1450 464 1651 506 contineri
1676 462 1838 504 videtur
1863 461 2037 516 primum

240 535 359 590 quasi
385 541 609 589 peecatum,
636 534 745 589 quod
771 533 871 573 alias
898 531 1043 572 multas
1069 537 1161 584 post
1186 545 1230 571 se
1257 530 1378 571 traxit
1405 529 1528 570 falsas
1555 534 1596 569 et
1621 527 1780 582 ineptas
1806 525 2035 581 opiniones.

240 599 380 653 Itaque
406 597 508 654 quid
534 597 697 654 proprie
723 595 923 651 significet
948 595 1092 634 ducere
1116 596 1281 635 rationis
1302 601 1424 649 atque
1443 593 1732 642 abundantiae,
1759 589 2038 647 quaerendum

217 669 312 711 vest,
338 663 463 716 inque
489 677 537 702 eo
563 661 687 700 totius
713 673 876 699 caussae
902 672 1056 697 summa
1080 658 1209 711 posita
1240 659 1329 709 erit,
1354 665 1400 698 ut
1426 674 1450 698 a
1477 673 1542 698 me
1556 657 1875 706 demonstretur,
1900 667 2037 694 veram

241 731 279 764 et
317 724 500 765 usitatam
537 721 762 776 multisque
800 719 998 775 exemplis
1035 719 1229 762 firmatam
1264 736 1311 763 ac
1345 726 1608 763 sustentatam
1644 717 1984 775 significationem
2013 731 2036 756 a

182 788 186 790 ’
241 788 330 827 loco
358 793 495 827 nostro
520 799 685 840 prorsus
711 784 885 825 alienam
911 797 1011 834 esse,
1038 797 1204 839 eamque
1237 786 1394 826 admitti
1421 793 1491 826 aut
1526 785 1646 841 quasi
1672 784 1719 824 in
1745 780 1945 824 auxilium
1972 794 2033 819 ar-

241 851 379 890 cessiri
408 863 489 889 non
518 848 711 902 potuisse,
737 847 817 887 nisi
844 861 918 901 per
947 846 1109 887 nimiam
1127 849 1322 903 quandam
1350 849 1435 890 sive
1460 848 1668 890 licentiam
1696 847 1784 889 sive
1809 844 2032 887 festinatio·

241 929 332 953 nem
368 912 657 952 nonnullorum
692 912 966 966 interpretum.
1041 912 1100 951 At
1135 912 1311 966 primum
1346 912 1625 953 observatione
1661 912 1836 966 dig-uum
1871 922 2032 957 censeo,

241 977 341 1029 quid
369 976 612 1015 discriminis
637 975 743 1016 iuter
767 976 1018 1016 existimandi
1037 975 1312 1030 similiumque
1337 977 1550 1017 verborum
1569 977 1779 1017 notionem
1805 973 2032 1014 intercedat

241 1048 280 1080 et
298 1041 467 1081 ducendi
476 1058 487 1079 =
516 1038 557 1079 id
578 1039 686 1093 quod
708 1053 794 1079 esse
811 1054 886 1094 pro
904 1045 1012 1080 certo
1029 1039 1172 1082 babeo.
1206 1039 1399 1081 Proxime
1415 1047 1547 1081 autem
1565 1040 1736 1081 verbum
1754 1039 1901 1080 duem
1915 1050 2027 1077 acee-

241 1104 300 1143 dit
318 1104 367 1142 ad
387 1103 592 1143 notionem
608 1102 720 1142 verbi
738 1103 885 1143 habere
900 1117 1067 1156 amque
1093 1103 1350 1143 existimandi
1375 1119 1421 1144 ac
1446 1104 1648 1144 statuendi
1673 1104 1844 1143 formam
1859 1100 2027 1149 indicat,

240 1167 311 1205 ubi
327 1166 446 1206 rebus
458 1165 583 1220 gestis
600 1172 640 1205 et
652 1165 817 1219 patratis
827 1180 940 1206 mens
956 1173 1091 1205 nostra
1101 1165 1254 1206 adfecta
1269 1173 1329 1207 est
1337 1173 1378 1207 et
1386 1173 1594 1217 commota,
1610 1166 1671 1206 sic
1680 1172 1725 1205 ut
1735 1171 1776 1205 et
1784 1171 1892 1205 arcta
1902 1177 2024 1217 quae-

240 1230 328 1268 dam
350 1228 578 1272 communio
600 1229 653 1269 sit
669 1229 817 1283 judicii
832 1243 923 1269 cum
943 1229 994 1269 iis
1021 1243 1122 1283 quae
1131 1228 1374 1281 acciderunt,
1399 1237 1441 1271 et
1456 1244 1598 1271 eorum
1612 1228 1810 1279 omnium,
1836 1240 1943 1282 quae
1957 1225 2025 1267 vel

240 1292 430 1349 sentimus
446 1292 512 1332 vel
529 1292 684 1346 experti
697 1306 835 1331 sumus
851 1293 902 1332 ad
920 1299 1093 1332 mentem
1108 1299 1284 1332 nostram
1295 1293 1405 1333 velut
1423 1293 1584 1344 delatio,
1601 1293 1661 1333 sic
1677 1298 1724 1332 ut
1737 1293 1882 1332 ducere
1897 1290 2021 1330 iuter·

239 1356 388 1410 pretari
402 1370 546 1410 qneasz
573 1356 621 1395 ad
649 1370 693 1395 se
718 1355 749 1396 i.
760 1369 798 1395 e.
814 1355 858 1395 in
870 1354 1074 1409 judicium
1092 1369 1210 1395 suum
1225 1370 1272 1396 ac
1284 1370 1447 1396 sensum
1465 1351 1639 1405 waltere,
1651 1355 1732 1396 sibi
1746 1352 1963 1409 cogitando
1981 1359 2022 1393 et

240 1419 451 1460 sentiendo
477 1434 685 1473 arrogare,
709 1432 862 1471 sumere
897 1433 1022 1473 prope
1047 1419 1178 1460 dicas:
1212 1419 1321 1460 unde
1344 1420 1496 1460 factum
1521 1425 1605 1472 est,
1640 1425 1686 1460 ut
1709 1425 1818 1460 recte
1844 1418 2020 1459 dieatnrz

240 1498 335 1524 suae
363 1483 495 1538 gentis
521 1483 676 1522 cladem
708 1497 782 1537 pro
812 1496 888 1522 sua
920 1484 1062 1524 ducere
1097 1484 1187 1525 Liv.
1210 1482 1455 1536 XXXVIII,
1479 1483 1547 1525 26.
1574 1484 1613 1524 6.
1664 1482 1753 1524 Nos
1778 1481 1946 1537 quidem
1974 1481 2021 1522 in

240 1547 310 1588 tali
338 1547 595 1588 existimandi
629 1553 669 1587 et
702 1545 903 1587 statuendi
936 1546 1163 1587 conditione
1199 1546 1344 1587 addere
1379 1546 1683 1588 consuevimusz
1716 1546 1826 1588 nach
1851 1548 2021 1587 meinent

247 1610 443 1664 Gefi‘a'hle:
472 1610 581 1650 unde
608 1610 651 1649 id
676 1609 883 1665 sequitur,
924 1615 970 1649 nt
994 1610 1116 1650 verbo
1141 1611 1285 1651 ducere
1319 1609 1429 1650 notio
1448 1609 1666 1663 judicandi
1691 1624 1776 1650 nou
1801 1609 1900 1650 insit
1924 1609 2020 1651 sim·

238 1674 333 1727 plex
361 1674 447 1714 sive
473 1674 669 1724 absoluta,
695 1673 767 1713 sed
793 1686 896 1726 quae
922 1672 974 1712 ad
1000 1688 1111 1713 suam
1140 1675 1334 1727 cujusque
1359 1679 1531 1713 mentem
1567 1680 1607 1713 et
1640 1686 1805 1713 sensum
1830 1674 2019 1714 refertur.

239 1736 326 1777 Sed
352 1738 450 1777 haec
476 1736 641 1777 levioris
667 1734 859 1777 momenti
884 1741 1001 1788 sunt;
1038 1736 1130 1791 plns
1165 1736 1261 1776 fidei
1295 1736 1514 1776 sententiae
1547 1735 1841 1790 pronunciatae
1874 1736 2021 1778 fecisse

236 1800 336 1840 mihi
361 1799 543 1851 videbor,
571 1800 607 1840 si
631 1799 733 1840 mihi
757 1798 973 1852 contigerit
1005 1805 1089 1839 tum
1114 1798 1359 1849 meditando,
1384 1806 1470 1839 tum
1495 1798 1860 1854 circumspiciendo
1879 1799 2018 1855 explo-

235 1877 358 1914 rasse,
383 1863 481 1918 qnid
509 1863 670 1918 proprie
696 1862 749 1902 sit
771 1864 936 1902 rationis
961 1867 1081 1917 atque
1105 1862 1371 1903 abundantiae
1396 1863 1555 1904 ducere.
1616 1861 1751 1913 Quam
1786 1863 2018 1918 inquisitio-

237 1943 326 1969 nem
353 1927 586 1981 priusquam
615 1925 838 1981 aggrediar,
864 1925 915 1966 de
942 1924 1121 1966 Genitivi
1155 1925 1319 1967 notione
1343 1926 1482 1981 paucis
1508 1941 1708 1980 exponere
1731 1940 1835 1982 opus
1860 1935 1937 1971 est.
1977 1926 2021 1969 Is

238 1997 366 2031 autem
393 2004 507 2030 casus
534 1989 576 2030 in
603 1989 674 2029 tali
699 1975 895 2029 structur‘a
921 1994 961 2028 et
986 1988 1215 2029 conditione
1246 1989 1410 2044 proprie
1441 1991 1677 2043 possidentis
1710 1996 1792 2040 est,
1826 1988 1956 2030 veluti
1981 1989 2020 2030 si

255 2055 423 2107 criptum
451 2053 621 2107 legimus
648 2052 739 2093 Liv.
767 2052 824 2102 11,
847 2052 912 2102 38,
938 2052 998 2092 5.=
1049 2052 1106 2092 Et
1130 2053 1232 2093 hauc
1257 2053 1400 2093 urbem
1425 2067 1497 2094 vos
1523 2067 1607 2094 uon
1632 2054 1806 2095 hosfium:
1837 2053 2018 2095 ducitis?

265 2118 363 2174 atqui
389 2116 432 2158 in
458 2115 662 2157 vocabulis
688 2114 992 2171 significationis
1027 2114 1249 2157 abstractae
1284 2129 1412 2172 quum
1438 2115 1732 2172 possessionis,
1769 2130 1875 2173 qnae
1900 2130 2018 2161 voea-

267 2183 315 2233 ἣ,
339 2183 401 2222 vis
426 2189 545 2236 atque
571 2186 742 2235 potestas
768 2179 950 2219 obtinere
975 2188 1173 2234 nequeat,
1196 2182 1324 2234 partis
1348 2181 1555 2221 notionem
1580 2181 1827 2221 substituere
1850 2195 2021 2236 prorsus

269 2251 400 2289 mirae
419 2251 727 2288 consentaneum
744 2249 817 2294 est,
845 2241 905 2284 sie
929 2248 976 2283 ut
997 2241 1143 2300 flayitit‘
1168 2243 1239 2284 nbi
1264 2243 1364 2299 qnid
1390 2243 1621 2286 ducendum
1646 2258 1736 2287 esse
1754 2244 2021 2299 affirmamus,

271 2303 314 2342 ffi
335 2325 357 2353 a
384 2310 535 2351 dictum
561 2308 814 2363 accipiamus,
839 2306 956 2361 quasi
982 2307 1180 2347 sententia
1206 2307 1279 2347 sita
1331 2307 1377 2347 in
1409 2308 1555 2363 flagitii
1588 2308 1680 2350 loco
1708 2315 1750 2350 et
1773 2309 1919 2351 ordine
1948 2310 2022 2352 ali·

273 2364 360 2420 qui«,
390 2374 596 2416 onendum
622 2373 723 2424 sive,
751 2369 859 2426 quod
883 2383 1008 2425 paene
1034 2370 1141 2411 idem
1168 2364 1356 2422 declarat,
1377 2386 1451 2426 pro
1477 2372 1635 2428 flagitio
1660 2373 1897 2415 habendum
1923 2389 2023 2419 esse,

273 2430 314 2470 Α
392 2454 421 2479 u
447 2437 695 2479 observanda
721 2443 781 2476 est
807 2434 998 2491 quaedam
1019 2433 1171 2488 judicii
1196 2433 1398 2476 subtilitas
1425 2444 1547 2492 atque
1573 2437 1772 2479 sermonis
1799 2438 1843 2478 in
1871 2437 2021 2481 discer-

275 2490 382 2532 nend
415 2516 437 2542 c
463 2502 693 2542 deliniendo
720 2499 942 2554 diligentia,
967 2513 1045 2552 qua
1064 2498 1123 2548 fit,
1148 2505 1194 2538 ut
1219 2497 1343 2552 offleii
1368 2501 1516 2541 ducere
1541 2517 1625 2542 uon
1650 2516 1817 2556 prorsus
1830 2502 1937 2542 idem
1954 2504 2022 2553 sit,

278 2552 386 2628 (1⁰⁰³.
437 2565 540 2608 cium
567 2563 727 2604 ducere.
807 2561 914 2604 Sunt
948 2561 1054 2602 enim
1090 2561 1276 2603 notiones
1314 2564 1539 2606 nonnullae
1575 2565 1784 2607 absolutae
1819 2571 1943 2622 atque
1969 2567 2021 2607 ad

280 2631 413 2674 specu!
462 2629 634 2669 nandam
664 2628 879 2681 perfectam
905 2628 1169 2668 conformatae
1203 2627 1360 2669 virectis
1394 2628 1569 2671 maxime
1600 2636 1641 2671 et
1675 2629 1915 2681 honestatis,
1952 2640 2023 2673 aut
