2273 3157
1159 142 1188 184 8

1049 198 1290 221 a

277 269 508 315 ostendunt,
535 265 607 305 ubi
633 264 699 304 vel
725 265 904 319 regionis
931 264 996 306 vel
1021 264 1099 305 loci
1125 262 1295 315 alicujus
1321 260 1537 315 descriptio
1565 259 1609 300 fit
1642 259 1823 314 situsque
1855 259 2059 309 delinitur,

279 349 355 375 nec
390 344 560 383 usquam
593 329 792 369 vocabulo
836 329 907 368 illo
936 329 1087 368 bonum
1119 327 1292 381 aliquem
1319 326 1552 378 scriptorem
1583 338 1698 362 usum
1728 337 1813 361 csse
1842 336 1916 376 pro
1952 330 2059 362 certo

279 393 508 437 habendum
535 399 620 442 est,
657 391 739 432 uisi
775 392 847 432 ubi
873 391 955 433 loci
979 397 1050 432 aut
1073 390 1160 431 viae
1186 389 1269 430 sive
1296 390 1407 430 notio
1435 388 1518 428 sive
1547 387 1678 440 imago
1705 402 1752 426 ue
1777 386 1932 439 species
1958 386 2060 425 obti-

279 467 364 501 net.
431 457 553 507 Quod
590 471 676 495 esse
704 457 866 510 nequit,
911 455 993 494 nisi
1025 453 1233 494 accesserit
1272 450 1562 493 enunciationis
1597 448 1868 505 praedicatum
1903 447 2062 488 notioni

281 521 439 565 itineris
466 519 531 561 vel
557 518 653 561 facti
679 519 744 561 vel
776 518 956 561 faciundi
996 533 1161 573 prorsus
1197 532 1420 571 congruens
1446 523 1486 556 et
1511 514 1775 564 convenicae,
1804 521 1848 553 nt
1876 513 2063 567 singulae

282 588 472 641 imaginis
497 592 630 639 partes
653 584 773 637 plane
798 584 901 621 inter
919 596 961 620 se
988 582 1239 622 consentiant
1264 595 1394 636 neque
1422 579 1518 619 salsa
1546 578 1678 633 aliqua
1694 584 1761 619 aut
1781 577 1914 617 fucata
1929 576 2064 631 specie

286 650 403 705 quasi
430 648 706 690 disturbentur
730 653 797 686 aut
823 644 1104 687 dilacerentur
1157 645 1308 684 Verum
1334 644 1400 684 hie
1426 643 1523 685 mihi
1547 642 1712 697 objiciat
1735 640 1899 696 aliquis,
1926 655 2063 681 nonne

286 716 452 758 uerbum
478 713 621 756 ducere
645 725 696 752 ex
718 724 765 751 eo
791 723 938 763 genere
964 715 1037 758 est,
1064 708 1172 766 quod
1201 715 1243 748 tu
1271 709 1389 751 modo
1417 715 1457 753 et
1483 705 1728 761 descripsisti
1748 714 1786 746 et
1802 704 2063 746 desiderasti?

287 780 387 834 quid
415 790 564 831 quaeso
590 778 718 829 aptius
745 783 783 814 et
811 771 972 826 proprie
998 772 1125 826 magis
1153 772 1233 812 dici
1260 780 1402 827 potest,
1429 787 1549 827 qnam
1569 773 1711 812 ducere
1728 777 1799 811 aut
1814 768 2066 812 ducimeclio?

288 859 424 885 nonne
452 841 495 881 id
519 853 680 894 prorsus
706 836 1045 889 aequiparandum
1081 843 1141 875 est
1174 836 1282 877 dicto
1318 836 1381 876 illi
1409 836 1639 875 notissimo:
1675 835 1807 874 medio
1843 834 2068 873 tutissimus

288 908 394 948 ibis?
422 926 472 934 -
524 900 645 950 Quod
672 898 732 937 uti
759 898 866 937 hand
894 897 1030 951 inepte
1057 897 1256 937 monitum
1284 898 1410 948 foret,
1446 897 1501 938 ita
1535 898 1663 952 ipsein
1704 897 1815 937 illam
1849 896 2067 938 locutionis

287 980 326 1011 et
358 962 628 1008 translationis
668 960 976 1003 similitudinem
1012 960 1118 1000 »viris
1161 960 1372 1003 nonnullis
1409 961 1538 1003 doctis
1573 961 1707 1001 fraudi
1744 961 1870 1001 fuisse
1906 976 2066 1004 censeo.

282 1033 387 1075 Nam
416 1025 702 1082 inquirendum
729 1039 848 1078 porro
877 1031 972 1075 erat,
996 1039 1195 1078 quaenam
1224 1024 1512 1078 intelligendae
1538 1031 1614 1063 aut'
1630 1024 1881 1077 significatae
1907 1025 1991 1063 sint
2009 1032 2068 1064 to·

282 1097 363 1135 tius
391 1092 562 1142 aiicujus
590 1088 766 1141 corporis
793 1094 862 1127 ant
888 1087 1061 1141 regionis
1089 1095 1236 1141 partes,
1267 1087 1328 1127 vel
1356 1086 1476 1127 etiam
1510 1088 1694 1128 notiones
1721 1093 1790 1126 ant
1815 1101 1893 1137 res,
1920 1087 2070 1142 quibus

280 1159 451 1201 medium
477 1152 753 1207 interpositum
782 1159 821 1191 et
845 1151 1099 1204 interjectum
1129 1151 1296 1193 dicatur.
1351 1151 1496 1196 Omnis
1522 1151 1676 1192 scilicet
1707 1165 1800 1205 pars
1827 1152 1957 1191 media
1984 1166 2068 1192 non

282 1226 430 1260 secreta
459 1216 594 1270 aliqua
622 1223 681 1255 cst
706 1223 746 1256 ct
772 1215 942 1268 integra,
968 1215 1038 1255 scd
1065 1215 1115 1255 ab
1143 1215 1233 1255 aliis
1256 1215 1530 1257 circumventa
1556 1222 1596 1255 et
1621 1215 1809 1255 conclusa
1839 1215 1968 1269 iisque
1994 1231 2067 1255 un-

283 1285 405 1336 dique
432 1279 549 1333 quasi
574 1279 762 1321 adstricta
790 1286 828 1317 ct
855 1293 1048 1322 connexa,
1096 1278 1252 1332 ltaque,
1279 1279 1337 1318 nti
1358 1280 1485 1319 medio
1508 1280 1641 1333 campi
1663 1286 1703 1319 et
1726 1280 1852 1319 medio
1880 1282 2070 1319 montium

284 1355 321 1388 et
354 1344 544 1399 paludum
578 1342 810 1396 similiaque
846 1349 952 1382 recte
989 1349 1109 1396 atque
1146 1356 1197 1381 ex
1241 1355 1377 1381 rerum
1422 1349 1565 1384 natum
1602 1340 1706 1381 diet·
1751 1342 1980 1397 scriptaque
2015 1344 2070 1383 le-

285 1412 429 1464 gimus,
457 1406 510 1445 ita
538 1419 701 1459 prorsus
728 1420 751 1443 a
777 1420 871 1445 sana
900 1412 1032 1448 mente
1060 1412 1099 1445 ct
1125 1404 1369 1458 cogitatione
1397 1419 1477 1444 non
1506 1404 1634 1458 magis
1660 1419 1779 1458 quam
1808 1421 1829 1444 a
1847 1420 1967 1445 sensu
1985 1421 2068 1446 om-

282 1475 397 1516 nium
424 1468 627 1512 communi
664 1469 879 1511 abhorrere
915 1469 1098 1518 videtur,
1141 1469 1310 1512 medium
1342 1469 1528 1526 quiddam
1558 1470 1724 1511 rationis
1763 1468 1915 1523 lingere
1950 1478 2069 1525 atque

286 1534 564 1579 abundantiae.
616 1531 745 1569 Plane
772 1532 997 1585 prodigiosi
1024 1532 1123 1585 quid
1151 1532 1269 1570 habet
1296 1537 1335 1570 et
1362 1531 1539 1581 horridi,
1580 1546 1632 1570 nc
1669 1531 1797 1571 dicam
1832 1532 1995 1573 absurdi
2031 1541 2070 1574 et

288 1596 433 1639 insulsi
459 1598 556 1635 hacc
584 1592 771 1646 imaginis
798 1595 1092 1649 qualiscunque
1118 1594 1292 1648 speciosa
1320 1595 1426 1649 quod
1454 1611 1506 1635 ne
1533 1595 1675 1635 durius
1702 1603 1742 1635 et
1765 1596 1956 1636 audacius
1982 1612 2071 1650 pro-

286 1661 517 1705 nunciatum
543 1657 756 1705 habeatur,
783 1657 920 1709 paucis
941 1658 1028 1709 jam
1055 1658 1291 1701 sententiam
1316 1672 1445 1701 meam
1471 1672 1663 1699 excusare
1691 1658 1927 1715 idoneisque
1954 1676 2070 1717 arg-u.

285 1724 429 1770 mentis
452 1722 610 1764 firmare
637 1720 826 1762 conabor.

386 1788 442 1828 Et
467 1784 641 1840 primum
669 1783 830 1837 quidem
859 1784 1165 1828 discernendum
1193 1801 1279 1826 csse
1306 1786 1426 1827 crede
1454 1786 1559 1826 inter
1593 1786 1693 1827 duas
1728 1787 1819 1827 illas
1846 1788 2071 1831 locutiones

284 1863 400 1907 atque
428 1854 673 1897 structuras,
704 1861 872 1905 quarum
896 1863 975 1889 nna
1002 1864 1138 1890 vocem
1165 1852 1292 1890 inedio
1319 1864 1410 1890 cum
1438 1848 1655 1900 Genitivo,
1683 1850 1811 1892 altera
1836 1867 1929 1893 cum
1958 1868 2072 1908 prae-

282 1915 479 1972 positione
515 1914 619 1955 inter
652 1911 906 1963 conjunctam
942 1920 1132 1963 ostentat,
1182 1930 1304 1968 quam
1341 1921 1552 1967 uti-amque
1586 1915 1806 1969 quominus
1842 1917 2071 1971 promiscue

284 1984 511 2033 usurpatam
525 1982 708 2030 putemus
720 1989 843 2029 quum
862 1976 1041 2029 vulgaris
1069 1977 1231 2018 dicendi
1258 1977 1523 2028 consuetudo,
1549 1984 1634 2018 tum
1662 1978 1830 2019 rationis
1849 1980 1960 2034 leges
1977 1996 2069 2037 pro-

283 2046 436 2098 hibent,
464 2054 514 2079 ex
540 2038 687 2092 quibus
714 2053 816 2092 quac
844 2040 944 2081 mihi
971 2041 1148 2083 omnium
1177 2040 1384 2095 potissima
1411 2040 1595 2090 videtur,
1622 2043 1721 2082 haec
1747 2049 1829 2094 est,
1855 2045 1964 2097 quod
1990 2060 2069 2084 me·-

284 2113 388 2150 dium
414 2119 489 2149 nec
515 2116 602 2142 esse
629 2108 757 2155 potest
780 2116 854 2144 uec
883 2103 964 2143 dici
991 2104 1237 2158 quidquam,
1266 2104 1346 2144 nisi
1376 2104 1485 2158 quod
1513 2119 1640 2159 aeque
1666 2105 1789 2145 distat
1813 2106 1865 2145 ab
1892 2106 2071 2159 regionis

288 2181 353 2211 aut
379 2171 507 2209 lineae
531 2165 702 2218 alicujus
728 2168 938 2208 continuae
972 2181 1007 2207 s.
1045 2167 1299 2208 continuatae
1335 2168 1524 2208 extremis
1560 2168 1724 2209 fluibus.
1802 2166 1900 2207 Sint
1935 2169 2071 2226 itaque

289 2245 446 2276 necesse
472 2235 530 2267 est
560 2235 630 2271 ant
656 2235 787 2271 mente
820 2227 1034 2284 animoque
1059 2230 1263 2284 fingantur
1295 2231 1398 2274 fines
1425 2231 1544 2290 qnasi
1584 2230 1635 2272 ad
1673 2236 1881 2284 utramque
1916 2240 2070 2287 partem

289 2292 469 2340 extremi,
495 2290 598 2329 inter
625 2305 724 2342 quos
753 2291 884 2331 medio
912 2293 1033 2332 alicui
1061 2293 1278 2334 consistere
1306 2293 1413 2334 licet
1466 2292 1544 2332 llla
1580 2298 1714 2334 autem
1749 2292 1800 2334 de
1836 2309 1915 2353 qua
1950 2297 2069 2339 modo

289 2359 441 2399 dictum
469 2358 541 2401 est,
568 2351 811 2392 continuatio
837 2356 968 2407 qualis
994 2357 1046 2396 sit
1073 2358 1115 2397 in
1141 2358 1263 2397 rebus
1298 2355 1499 2397 concretis
1536 2362 1577 2395 et
1613 2370 1716 2410 qnae
1751 2356 1794 2396 in
1830 2373 1970 2401 sensns
2005 2377 2067 2403 ea-

288 2424 410 2469 dunt,
444 2429 518 2471 per
543 2428 586 2454 se
623 2414 864 2469 intelligitur
899 2431 1075 2474 ususque
1108 2421 1213 2462 vitae
1248 2427 1289 2461 et
1319 2433 1486 2473 opernm
1521 2419 1783 2474 quotidianus
1818 2422 1953 2477 doeet3
1996 2429 2067 2468 sed

288 2500 388 2539 quae
426 2481 480 2522 sit
513 2479 558 2520 in
594 2477 828 2520 notionibus
863 2487 931 2520 ant
973 2484 1111 2525 formis
1147 2484 1226 2526 soli
1262 2481 1389 2522 menti
1427 2481 1584 2534 infixis,
1630 2491 1671 2527 et
1714 2500 1885 2541 quarum
1927 2490 2067 2532 nullus

285 2560 450 2606 prorsus
477 2544 594 2585 datur
621 2542 855 2600 adspectus,
899 2544 941 2584 id
976 2561 1058 2588 non
1095 2556 1175 2589 tam
1212 2546 1381 2587 dubium
1407 2553 1465 2587 est
1491 2556 1558 2589 aut
1584 2549 1767 2605 ignotum
1776 2579 1790 2604 ,
1826 2566 1946 2607 quam
1973 2561 2018 2595 ut
2043 2569 2068 2596 a
