2273 3157
1123 193 1181 240 18

245 328 380 360 mento
410 333 497 360 csse
524 321 697 375 poterit,
739 321 851 375 quod
888 321 924 361 si
961 321 1129 361 Tacitus
1165 317 1246 359 uon
1281 321 1387 361 ultra
1421 322 1579 360 modum
1614 320 1849 376 Agricolam
1889 320 2053 362 duxisse

244 384 496 437 scripsisset,
534 400 655 425 nemo
685 385 804 425 facilc
832 385 874 424 in
899 384 1033 424 verbis
1062 387 1261 425 haererctz
1299 398 1563 438 quaecunque
1598 385 1704 424 euim
1740 387 1963 435 ducuntur,
2002 387 2052 426 ad

243 447 462 487 terminum
493 450 698 503 quendam
729 448 896 504 produci
924 454 963 487 et
989 448 1093 487 trabi
1119 448 1272 499 solent,
1301 449 1403 488 intra
1431 463 1552 501 quem
1579 449 1800 489 consistere
1827 450 1891 489 vel
1916 463 2053 491 neces-

246 513 344 552 sitas
374 512 498 567 cogit,
526 513 593 552 vel
620 513 818 567 sapientia
846 519 965 564 atque
993 513 1207 551 consilium
1223 512 1352 566 jubet.
1380 513 1590 553 Rationem
1617 520 1749 553 autem
1778 514 1846 553 alii
1878 514 1929 554 ad
1959 529 2054 569 pru-

249 576 429 617 dentiam
457 577 663 628 referunt,
700 577 770 616 alii
799 581 1022 614 accuratam
1060 577 1398 631 computationem
1427 576 1661 631 intelligunt
1685 584 1806 631 atque
1834 578 1987 633 accepti
2015 585 2054 618 et

249 641 419 695 expensi
446 641 813 696 comparationem,
853 638 985 692 qualis
1023 653 1149 693 quum
1179 640 1451 681 honestissimi
1487 640 1683 695 cujusque
1713 642 1819 695 apud
1849 642 2054 681 Romanos

250 706 378 745 fuisse
415 706 609 756 traditur,
645 712 727 744 tum
755 702 972 753 etiamnum
1009 703 1219 755 diligentis
1248 711 1285 742 ct
1322 704 1604 759 circumspecti
1642 706 1842 759 cujusque
1869 704 2053 758 patrisfa-

249 770 384 810 milias
413 783 501 809 esse
528 768 640 808 solet.
694 766 826 817 Quam
854 765 1016 819 quidem
1045 766 1414 820 interpretationem
1442 770 1577 823 priore
1598 769 1665 808 illa
1693 769 1887 823 potiorem
1917 782 2052 808 cense-

250 847 365 885 mus,
391 833 540 888 optime
567 831 670 872 enim
698 829 886 870 convenit
913 830 1184 869 abundantiae
1213 831 1373 870 notioni
1408 833 1729 886 sententiamque
1756 832 1880 872 efficit
1917 831 2051 882 talem,

252 912 334 952 qua
360 912 441 936 non
468 896 585 935 aliam
623 894 744 933 ullam
783 893 978 946 aptiorem
1015 898 1084 932 aut
1111 893 1307 932 veriorem
1336 893 1454 934 duco.
1506 895 1771 936 Abundantia
1797 895 1955 936 scilicet
1983 909 2053 935 no·

250 961 315 1001 bis
341 974 421 999 non
452 967 510 998 est
537 956 761 996 exuberans
798 957 996 1010 quaedam
1034 963 1104 996 aut
1139 956 1251 1010 larga
1287 957 1548 1011 popularium
1585 975 1797 1000 munerum
1834 960 2054 1013 apparatio,

248 1024 317 1064 sed
342 1037 505 1078 prorsus
533 1020 583 1060 ad
610 1019 919 1059 similitudinem
960 1020 1107 1060 Gracci
1143 1020 1331 1060 vocabuli
1366 1026 1584 1073 περιουσία,
1620 1036 1710 1062 eam
1746 1022 2054 1076 intelligendam

248 1101 334 1128 csse
361 1099 571 1127 censemus
595 1083 655 1123 rei
684 1083 894 1124 familiaris
923 1084 1196 1134 affluentiam,
1223 1098 1325 1136 quae
1353 1084 1577 1123 rationibus
1602 1084 1819 1139 diligenter
1846 1084 2054 1124 subductis

247 1151 297 1191 ad
325 1157 511 1204 sumptus
538 1147 772 1188 honorarius
800 1147 1021 1199 faciendos,
1047 1148 1156 1188 salva
1185 1163 1227 1188 rc
1259 1148 1460 1197 familiari,
1487 1163 1698 1202 superesse
1727 1150 1949 1190 videbatur.

353 1214 507 1252 Procul
535 1213 671 1267 itaque
700 1212 831 1252 abfuit
857 1211 1055 1267 Agricola
1082 1212 1132 1252 ab
1162 1212 1302 1252 insana
1332 1219 1371 1251 ct
1398 1228 1517 1266 prava
1544 1213 1833 1267 plerorumque
1859 1214 2053 1267 intempe-

247 1280 377 1319 rantia
404 1286 443 1317 et
469 1278 679 1326 lubidine,
706 1276 779 1330 qui
808 1282 852 1314 ut
879 1282 918 1315 ct
944 1290 1041 1316 suae
1069 1276 1281 1316 ambitioni
1311 1283 1349 1315 ct
1375 1276 1553 1316 moribus
1581 1277 1733 1316 sacculi
1760 1277 2051 1326 satisfacerent,

247 1344 313 1384 vel
337 1356 485 1397 magno
512 1355 603 1380 aere
630 1340 764 1379 alieno
792 1346 997 1380 contracto
1024 1341 1089 1381 vel
1117 1341 1237 1380 rebus
1275 1340 1360 1380 suis
1389 1341 1506 1394 plane
1534 1341 1754 1394 deperditis
1792 1349 1830 1380 et
1866 1341 2052 1395 profusis

246 1408 353 1448 ultra
379 1405 545 1446 modum
574 1411 613 1445 et
639 1404 850 1444 facultates
886 1411 1050 1458 sumptu
1086 1411 1125 1444 et
1161 1404 1461 1458 magnificentia
1499 1405 1684 1445 ludorum
1720 1405 1910 1459 progredi
1949 1405 2051 1445 sole-

247 1472 367 1512 bant=
408 1469 542 1525 ipsum
572 1468 683 1509 enim
724 1467 831 1507 nihil
867 1468 1060 1507 inanibus
1096 1469 1181 1508 illis
1214 1469 1377 1508 honoris
1405 1469 1489 1508 sive
1519 1469 1667 1508 officiis
1702 1470 1787 1509 sive
1814 1469 2053 1509 muneribus

246 1534 493 1591 impendisse
522 1540 644 1587 atque
684 1547 734 1572 ex
761 1546 869 1586 penu
897 1547 970 1571 suo
998 1532 1113 1585 quasi
1140 1533 1385 1587 prompsisse
1413 1534 1575 1584 credas,
1613 1532 1694 1572 nisi
1730 1533 1839 1587 quod
1876 1533 2052 1573 abunda-

249 1605 325 1649 ret,
357 1598 441 1638 sive
469 1597 580 1651 quod
608 1603 647 1636 et
674 1592 870 1650 qua-ntum
897 1609 948 1635 ex
975 1595 1172 1636 reditibus
1197 1597 1481 1653 superflum-et:
1511 1611 1628 1636 secus
1657 1610 1776 1650 agere
1803 1604 1923 1651 atque
1950 1596 2051 1635 ultra

250 1662 417 1702 modum
443 1661 502 1701 rei
529 1659 754 1708 familiaris,
779 1658 1058 1714 quae-cuique
1084 1667 1326 1713 suppeteret,
1353 1667 1536 1715 sumptus
1554 1660 1740 1714 profusos
1761 1661 1901 1711 facere,
1933 1660 2050 1698 luxu-

251 1726 353 1766 riem
381 1725 582 1765 censebat.
634 1725 786 1763 Inani«
812 1722 988 1778 denique
1014 1723 1176 1764 horteris
1202 1739 1286 1764 non
1313 1724 1545 1779 explicandi
1572 1731 1725 1765 tantum
1762 1724 1889 1777 gratia
1915 1724 2050 1763 addita

251 1798 373 1843 puto,
410 1790 482 1829 sed
507 1789 666 1842 reliqua
693 1787 915 1841 significari
944 1788 1065 1827 credo
1093 1801 1217 1843 quum
1246 1801 1457 1827 munerum
1489 1794 1572 1828 tum
1600 1795 1861 1843 apparatuum
1889 1802 2051 1842 genera,

251 1852 553 1907 magistratibus
580 1852 621 1891 in
648 1851 793 1906 populi
821 1850 988 1904 gratiam
1015 1852 1197 1890 exbiberi
1225 1851 1366 1901 solita,
1415 1851 1552 1904 qualia
1579 1858 1694 1891 erant
1719 1851 1936 1891 certamina
1964 1852 2047 1906 gla-

252 1918 435 1967 diatoria,
463 1916 709 1966 venationes,
739 1914 1012 1956 naumachiae.
1064 1915 1210 1964 Adde,
1245 1915 1315 1969 qui
1344 1915 1450 1954 haud
1478 1915 1602 1955 dubie
1634 1915 1941 1970 requirebatur,
1967 1932 2048 1955 am-

251 1981 359 2036 plior
385 1987 424 2019 ct
449 1979 718 2033 sumptuosior
752 1985 790 2018 et
827 1979 970 2018 domus
1005 1984 1044 2018 et
1078 1978 1200 2019 totius
1239 1978 1513 2033 supellectilis
1549 1979 1808 2033 familiaeque
1844 1979 1976 2019 cultus
2012 1988 2050 2019 et

250 2050 486 2098 apparatus,
515 2058 603 2083 cum
632 2042 774 2082 altiore
803 2042 945 2096 quovis
976 2043 1186 2097 dignitatis
1211 2044 1342 2098 gradu
1370 2057 1603 2097 augescens.
1657 2041 1852 2083 Ceterum
1882 2058 1962 2083 uon
1992 2051 2051 2083 est

250 2108 357 2163 quod
385 2122 590 2156 moneam,
616 2108 756 2147 inania
782 2107 942 2145 honoris
970 2106 1062 2146 ideo
1091 2107 1196 2146 dicta
1225 2121 1334 2158 csse,
1367 2120 1451 2147 non
1481 2107 1590 2163 quod
1617 2106 1784 2148 omnino
1810 2114 1944 2148 essent
1967 2122 2048 2146 ηια-

247 2175 434 2228 giso-atus
461 2171 546 2212 sive
573 2185 664 2212 cum
698 2171 894 2225 praetoris
927 2187 1094 2212 munere
1132 2180 1253 2226 atque
1287 2172 1424 2212 officio
1463 2171 1690 2212 necessario
1725 2171 1965 2224 conjuncta,
2005 2178 2051 2211 ut

248 2237 399 2292 optimo
426 2236 552 2277 veluti
573 2236 669 2291 jure
695 2236 745 2277 ab
773 2251 821 2278 eo
848 2236 1045 2291 postulari
1073 2237 1381 2292 exspectarique
1406 2245 1597 2292 possent,
1626 2235 1961 2289 quemadmodum
1991 2236 2048 2275 Iu·

248 2303 304 2349 di,
332 2302 401 2340 scd
430 2302 524 2355 quia
551 2316 643 2342 vere
670 2302 833 2342 honoris
859 2301 995 2356 potius
1022 2308 1156 2342 essent
1190 2309 1229 2342 et
1256 2301 1517 2351 haberentur,
1555 2314 1676 2353 quam
1711 2299 1851 2338 officii.
1904 2299 2047 2355 Neque

246 2366 353 2405 euim
381 2366 550 2404 honores
579 2379 756 2420 unquam
784 2366 924 2406 codem
952 2380 1074 2407 seusu
1102 2374 1320 2416 vocantur,
1358 2379 1441 2419 qno
1464 2366 1743 2418 magistrum-⁹3
1780 2378 1938 2418 semper
1964 2366 2048 2404 illis

246 2431 429 2469 inhaeret
455 2429 613 2483 aliquid
640 2429 845 2483 dignitatis
872 2437 912 2469 et
938 2430 1212 2481 excellentiae,
1241 2446 1321 2485 qua
1350 2440 1443 2484 qma
1471 2427 1632 2482 publice
1656 2435 1824 2467 ornatus
1851 2438 1890 2468 et
1908 2438 2048 2468 auctus

242 2495 473 2547 putabatur.
523 2493 668 2548 'I-taque
695 2508 937 2548 quamquam
966 2508 1048 2534 nou
1077 2509 1243 2550 prorsus
1271 2492 1484 2535 abnuerim
1507 2492 1555 2532 ἦ·
1577 2493 1660 2533 >hoe
1687 2491 1823 2533 Taciti
1844 2493 1958 2542 Joeo,
1987 2494 2047 2533 nti

245 2558 290 2597 in
319 2557 408 2598 aliis
425 2557 576 2608 multis,
603 2558 843 2612 particulam
872 2565 913 2597 et
936 2566 1057 2613 atque
1081 2560 1180 2599 huie
1200 2564 1418 2611 cognatam
1440 2568 1521 2616 que
1542 2565 1673 2612 prope
1696 2557 1890 2598 accedere
1908 2557 1957 2597 ad
1978 2571 2046 2596 no-

248 2621 399 2662 tionem
426 2622 608 2663 adverbii
635 2622 833 2679 appositi:
880 2629 920 2663 et
946 2624 1132 2672 omnino,
1168 2630 1301 2662 tamen
1337 2622 1565 2662 manutius
1596 2635 1644 2662 ac
1681 2621 1813 2663 verius
1850 2623 1955 2661 hane
1984 2620 2048 2661 vel
