2273 3157
1116 286 1169 327 11

250 419 368 450 nuste
393 411 608 465 composita
638 416 678 449 et
703 415 892 463 usurpata
931 414 1001 448 aut
1035 408 1087 447 ad
1121 422 1256 447 rernm
1293 413 1477 446 naturam
1505 417 1696 458 expressa
1721 405 1795 457 sit,
1828 406 2047 447 admodum

250 490 400 518 vereor.
455 475 636 515 Primum
664 473 772 514 enim
800 471 1013 514 offensioni
1039 479 1103 512 est
1129 472 1289 526 propria
1317 470 1387 511 illa
1415 471 1589 511 «accendi
1612 469 1740 521 notio,
1766 485 1885 524 quam
1906 478 1951 512 ut
1968 473 2047 512 boe

251 539 340 578 loco
368 547 550 578 tueamur
576 553 622 578 ac
648 539 888 578 retineamus
915 536 1004 591 ipsa
1030 535 1218 589 imaginis
1244 534 1448 575 adhibitae
1474 533 1578 573 ratio
1595 533 1786 589 postulat.
1838 534 1911 585 At,
1937 537 2047 590 quod

252 603 363 643 ludos
390 605 533 644 ducere
558 604 599 643 h.
626 602 654 643 l.
682 602 789 641 idem
823 616 911 640 esse
946 599 1136 640 nonnulli
1171 601 1448 649 contendunt,
1484 600 1596 653 quod
1631 601 1772 650 edere,
1811 601 1999 654 exemplo
2024 617 2047 641 a

250 681 404 721 pompm
423 673 606 721 sumpto,
643 665 687 705 id
722 663 859 704 nescio
896 678 949 703 an
982 663 1038 703 ita
1063 663 1373 718 pronunciatum
1407 663 1484 714 sit,
1538 666 1588 702 ut’
1610 662 1778 704 sibimet
1805 662 1885 718 ipsi
1913 664 2048 705 fraudi

252 728 415 780 fuci-int,
442 731 512 784 qui
539 732 636 769 haec
665 729 718 767 ita
746 732 1031 768 asseverarent.
1086 726 1197 778 Quid
1223 726 1330 767 enim
1355 741 1505 782 quaeso
1532 726 1639 767 illud
1667 727 1774 768 foret
1799 726 1954 769 dictum
1969 757 1982 779 ,
2010 728 2048 769 si

252 794 317 834 cui
348 794 388 833 in
419 801 591 833 mentem
618 791 774 831 veniret
799 790 1046 831 locutionem
1079 805 1316 844 componere
1342 792 1513 831 hancce:
1551 793 1701 831 medios
1727 791 1900 831 rationis
1926 800 2048 848 atque

253 856 525 897 abundantiae
552 854 670 895 ludos
697 854 847 896 edidit?
906 854 966 895 Ita
993 860 1098 895 eerte
1126 853 1257 895 dicere
1283 869 1358 910 per
1392 855 1503 895 illam
1531 855 1909 909 interpretationem
1938 859 2047 898 baud

252 921 439 959 illicitum
468 933 555 957 esse
581 933 697 958 nemo
725 917 901 972 negabit.
952 916 1111 957 Deinde
1145 924 1287 972 sponte
1321 918 1497 973 intelligi
1534 918 1680 969 credo,
1719 921 1780 960 uti
1816 921 1981 976 agmina
2008 930 2049 963 et

252 996 424 1036 pompae
452 989 492 1020 et
518 981 629 1021 chori
658 987 697 1020 et
723 981 802 1020 alia
827 981 922 1021 talia
949 988 1055 1023 reete
1081 988 1122 1021 et
1146 981 1307 1035 proprie
1334 982 1430 1022 duci
1456 982 1671 1033 dicuntur,
1705 983 1761 1024 ita
1797 983 1918 1025 ludos
1952 987 2049 1027 duci

253 1059 337 1084 non
364 1060 480 1099 posse
507 1045 590 1092 sic,
619 1052 662 1084 ut
686 1047 775 1085 viae
800 1051 869 1084 aut
895 1047 1062 1085 &amitis
1087 1050 1156 1084 aut
1183 1050 1330 1084 trae-ms
1356 1045 1469 1085 notio
1497 1046 1669 1086 ehtcemli
1694 1046 1818 1088 verbo
1844 1048 2044 1105 adjunga-

253 1115 332 1147 tur.
386 1109 558 1148 Prorsus
585 1107 695 1147 enim
721 1108 770 1147 ab
796 1122 931 1147 rerum
956 1114 1098 1148 natura
1124 1113 1244 1162 atque
1278 1108 1328 1147 ab
1365 1108 1558 1148 institutis
1586 1109 1860 1152 Romanorum
1899 1113 2044 1155 abbor-

253 1178 315 1214 ret
341 1171 452 1212 notio
478 1171 549 1213 illa
576 1178 694 1226 atque
717 1171 864 1226 imago,
889 1186 1013 1226 quum
1041 1171 1177 1213 omnia
1204 1172 1367 1212 omnino
1393 1172 1585 1213 ludorum
1611 1176 1830 1215 certamina
1857 1178 1918 1217 nti
1934 1181 2043 1231 apud

256 1235 431 1275 Graecos
458 1234 512 1274 ita
538 1235 648 1290 apud
674 1234 877 1276 Romanos
903 1235 1008 1275 intra
1034 1234 1214 1275 locorum
1241 1249 1440 1275 sacrorum
1471 1236 1574 1277 fines
1600 1251 1647 1278 ae
1671 1237 1821 1279 limites
1849 1242 2042 1282 constitn-

253 1306 315 1339 tos
343 1299 407 1339 edi
433 1305 473 1339 et
499 1299 687 1352 componi
712 1299 907 1339 sollemne
933 1305 1050 1339 esset.
1097 1298 1211 1348 Quae
1238 1313 1363 1352 quum
1390 1299 1445 1339 ita
1471 1300 1573 1351 sint,
1599 1315 1683 1341 non
1710 1309 1858 1344 temere
1885 1314 1953 1345 aut
1981 1307 2041 1346 in.

256 1362 441 1407 consulto
468 1376 490 1401 a
517 1362 635 1401 nobis
662 1363 809 1401 factum
835 1375 922 1403 esse
948 1361 1161 1413 eredimus,
1187 1362 1281 1401 dum
1309 1361 1523 1416 imaginem
1549 1377 1583 1403 s.
1609 1367 1881 1420 metaphoram
1902 1384 1925 1410 a
1944 1385 2042 1424 pru·

257 1425 495 1464 dentissimo
521 1432 561 1464 et
586 1425 848 1464 subtilissimo
873 1425 1066 1479 scriptore
1093 1425 1305 1464 admissam
1332 1439 1419 1464 esse
1445 1440 1652 1479 negamus,
1679 1442 1786 1483 quae
1811 1444 1950 1487 neque
1978 1447 2041 1474 ac.

257 1487 397 1540 tionis,
425 1502 545 1544 quam
573 1488 737 1529 verbum
763 1488 909 1530 ducere
933 1487 1096 1543 proprie
1122 1488 1306 1539 denotat,
1332 1504 1465 1543 neque
1490 1491 1595 1541 loci,
1621 1492 1694 1532 ubi
1718 1508 1785 1533 res
1810 1497 1953 1549 peragi
1979 1513 2042 1537 so-

257 1551 378 1601 lebat,
404 1552 562 1591 notioni
587 1551 669 1591 ulla
695 1565 746 1591 ex
771 1558 883 1606 parte
910 1551 1108 1606 congruit.
1157 1550 1273 1592 Nihil
1299 1552 1389 1592 dico
1419 1552 1468 1592 de
1496 1567 1556 1605 eo,
1583 1554 1695 1608 quod
1721 1558 1927 1611 quomodo
1954 1563 2042 1602 ina—

256 1619 327 1657 nia
351 1618 512 1657 honoris
538 1632 630 1656 cum
656 1617 778 1657 verbo
804 1618 945 1656 cleteere
971 1616 1174 1656 conciliari
1212 1624 1380 1669 queant,
1418 1617 1584 1657 difficile
1608 1634 1705 1659 sane
1733 1629 1793 1659 est
1821 1632 2045 1677 perspectu3

259 1695 385 1719 unum
414 1694 569 1731 moneo,
597 1679 717 1719 falsos
745 1694 830 1719 esse
856 1679 1114 1733 interpretes,
1140 1679 1285 1733 quibus
1311 1681 1448 1718 inania
1483 1680 1645 1722 honor-Is
1670 1697 1694 1723 a
1722 1683 1869 1725 Tacito
1906 1695 2045 1729 vocata

260 1750 300 1783 et
326 1758 417 1783 eum
455 1743 556 1783 ludis
590 1742 755 1783 edendis
780 1742 994 1797 composita
1020 1742 1276 1796 explicationi
1300 1749 1454 1783 tantum
1480 1746 1672 1787 inservire
1697 1747 1903 1801 videntur,
1929 1754 2046 1806 quasi

260 1821 335 1860 per
360 1807 546 1859 figuram,
577 1821 697 1860 quam
723 1807 899 1846 vocitant
931 1805 973 1847 ἔν
998 1805 1058 1847 διαὶ
1082 1809 1189 1856 δυοῖν,
1213 1812 1352 1846 auctor
1375 1806 1492 1846 ludos
1517 1807 1731 1862 designare
1757 1811 1946 1865 voluerit,
1972 1818 2046 1870 qui

260 1870 422 1911 inanem
455 1870 582 1910 ferant
596 1871 811 1911 bonorem=
838 1884 940 1925 quae
960 1868 1232 1925 interpretatio
1248 1884 1367 1924 quam
1387 1870 1530 1924 procul
1556 1887 1580 1912 a
1605 1887 1702 1914 vero
1728 1873 1854 1927 absit,
1878 1882 2048 1931 posthae

260 1933 611 1973 demonstrabitur.

366 1997 507 2052 Itaque
533 1995 664 2038 locum
689 1994 924 2051 impeditum
961 1994 1039 2037 alia
1065 2008 1116 2055 ex
1140 2000 1253 2050 parte
1279 1995 1446 2050 aggredi
1482 2003 1521 2037 et
1556 2005 1754 2052 quantum
1790 2004 2047 2057 conjecturae

262 2061 520 2103 tribuendum
546 2061 611 2111 sit,
636 2059 841 2114 inquirere
868 2059 989 2111 libet,
1024 2073 1048 2100 a
1072 2058 1216 2113 Lipsio
1241 2058 1419 2113 primum
1448 2066 1645 2114 tentatae,
1670 2065 1813 2118 paneis
1840 2079 1891 2105 ex
1916 2075 2048 2122 poste·

264 2125 440 2167 rioribus
469 2123 732 2179 approbatae,
765 2137 823 2164 -ex
852 2138 933 2178 qua
956 2121 1173 2177 legendum
1209 2136 1297 2163 esse
1333 2122 1576 2164 suadebantz
1610 2127 1892 2170 moderationis
1928 2137 2051 2187 atque

266 2188 417 2232 abund.
468 2187 603 2228 Habet
627 2188 725 2228 baec
750 2186 861 2228 velut
885 2185 1066 2227 conditio
1090 2185 1224 2226 oblata
1248 2185 1516 2227 blandimenti
1543 2187 1702 2242 aliquid
1736 2197 1776 2230 et
1812 2205 1896 2245 quo
1931 2194 2054 2236 facile

266 2251 574 2297 commovearis2
599 2265 691 2290 nam
717 2255 757 2290 et
780 2248 947 2290 mutatio
970 2248 1186 2290 verborum
1210 2248 1312 2290 levis
1338 2256 1412 2301 est,
1437 2257 1477 2291 et
1502 2257 1699 2293 structura
1724 2252 1870 2294 usitata
1896 2262 1938 2297 et
1962 2271 2053 2298 sen-

266 2317 397 2360 tentia
422 2316 589 2357 fortasse
613 2313 722 2355 haud
747 2313 918 2354 absurda
941 2311 1020 2354 tibi
1045 2318 1153 2367 certe
1184 2312 1362 2369 primum
1387 2313 1567 2355 audienti
1603 2322 1674 2356 aut
1705 2315 1865 2372 legenti
1899 2320 2056 2364 videbi-

268 2391 346 2425 tur.
397 2379 684 2422 Verumtamen
709 2392 761 2418 ne
797 2375 943 2417 Rotbii
969 2376 1148 2431 quidem,
1173 2378 1430 2431 quantumvis
1459 2379 1594 2433 gravis
1618 2380 1765 2421 barum
1789 2395 1926 2425 rerum
1952 2387 2057 2427 arbi-

268 2446 335 2497 tri,
362 2444 577 2486 auctoritas
594 2443 645 2484 ad
663 2455 824 2484 omnem
850 2439 1136 2483 dubitationem
1159 2439 1380 2483 tollendam
1404 2442 1594 2485 sufficere
1619 2443 1725 2486 mibi
1748 2444 1836 2487 visa
1853 2454 1925 2488 est.
1951 2447 2058 2491 Nam

269 2508 427 2550 etiamsi
450 2507 690 2556 vocabulum
716 2505 821 2547 illud
846 2504 1096 2546 substitueris
1123 2519 1174 2546 ex
1200 2504 1360 2546 duobus
1387 2506 1629 2560 conflatum,
1664 2507 1811 2550 iisdem
1836 2515 1972 2551 tamen
1999 2519 2058 2554 te-

271 2572 406 2614 nebris
434 2571 723 2625 eircuml'usum
748 2583 845 2609 mox
870 2568 1045 2624 reperies
1068 2568 1228 2622 locum3
1260 2567 1416 2623 quippe
1450 2584 1555 2625 quae
1588 2571 1644 2612 sit
1676 2572 1966 2615 moderationis
2003 2585 2058 2616 at-

272 2651 351 2692 que
376 2633 645 2676 abundantiae
670 2634 775 2674 inter
800 2647 845 2674 se
871 2632 1097 2675 communio
1111 2660 1125 2685 ,
1160 2632 1231 2675 vix
1265 2632 1480 2688 exputabis
1513 2633 1597 2675 nisi
1632 2649 1707 2691 per
1732 2637 1912 2692 argutias
1940 2647 2059 2693 atque

274 2701 471 2754 ambages,
522 2696 684 2736 Deinde
712 2697 1024 2738 moderationem
1058 2696 1244 2738 novimus
1278 2695 1403 2736 animi
1437 2697 1521 2737 fere
1557 2712 1645 2740 esse
1680 2705 1803 2753 atque
1838 2700 1890 2740 ad
1918 2716 2062 2743 sensus
