2273 3157
1167 176 1224 219 14

284 296 551 354 obligationis
579 296 776 352 alicujus,
805 300 956 356 quibus
983 301 1019 341 si
1038 299 1230 341 Genitivo
1257 312 1364 349 casu,
1389 311 1480 338 cum
1506 297 1630 338 verbo
1659 296 1798 358 aliquo
1826 296 2085 338 existimandi

283 362 350 403 vel
370 361 593 416 judicandi
609 363 845 417 conjuncto,
872 366 1011 417 utaris,
1037 363 1149 404 notio
1175 363 1354 403 inhaeret
1378 376 1461 402 non
1488 362 1626 415 partis,
1652 361 1723 401 sed
1749 363 1990 402 necessitatis
2018 376 2085 401 cu-

278 428 448 480 jusdam
477 426 750 467 devincientis
777 434 817 466 et
844 426 1145 481 adstringentis.
1221 424 1364 480 Neque
1398 425 1443 466 id
1479 425 1651 465 absurde
1688 425 1838 466 factum
1875 439 1963 467 esse
1991 423 2086 465 inde

284 490 485 547 colliges,
525 490 639 547 quod
673 490 840 547 singula
875 506 1062 547 quaeque
1088 491 1211 532 totius
1245 491 1417 545 alicujus
1455 490 1538 531 sive
1572 490 1752 544 corporis
1788 490 1874 530 sive
1906 487 2087 529 notionis

286 572 383 612 pars
411 557 639 597 necessario
666 556 842 611 quodam
870 555 1037 594 vinculo
1061 570 1154 594 cum
1179 554 1346 609 reliquis
1372 568 1551 595 connexa
1577 553 1746 609 cogitari
1763 553 1896 596 debet.
1947 550 2086 604 Quare

290 621 368 678 qui
395 621 523 676 officii
549 622 715 662 duxisse
741 619 891 661 dicitur
914 619 1099 674 aliquid,
1137 620 1174 660 ei
1212 634 1445 674 persuasum
1480 620 1558 659 fuit
1584 620 1650 660 vel
1681 618 1806 659 officii
1832 623 1986 673 partem
2012 616 2085 656 ali-

292 700 418 739 quam
446 683 528 738 ipsi
554 684 836 739 praestandam
862 697 974 734 esse,
1024 683 1090 722 vel
1116 683 1166 722 ab
1194 683 1282 739 ipso
1319 684 1434 738 quasi
1470 683 1628 735 officio,
1677 683 1796 738 pleno
1823 687 1863 723 et
1889 678 2091 732 absoluto,

292 747 416 803 quale
442 755 579 789 mente
607 748 824 803 animoque
851 747 1220 801 comprehenditur,
1246 748 1422 801 aliquam
1449 748 1528 801 ipsi
1554 749 1781 804 impositam
1807 760 1893 787 esse
1918 746 2086 785 necessi-

293 818 438 852 tatem:
477 826 584 866 quae
611 818 651 850 et
676 810 766 867 ipsa
792 811 1057 866 consequitur
1083 824 1132 850 ex
1159 810 1322 852 notione
1344 812 1594 866 possidendi,
1630 809 1980 867 quandoquidem,
2014 807 2088 864 qni

293 875 500 933 possidet,
525 875 597 929 jus
633 889 753 915 suum
786 875 832 915 in
868 875 1160 929 possessionem
1197 882 1368 917 exercet.
1446 876 1568 915 Illius
1598 883 1731 915 autem
1765 873 2088 921 necessitudinis,

295 954 418 995 quam
445 953 519 994 per
538 937 777 980 Genitivum
802 952 1096 994 nonnunquam
1113 937 1316 992 designari
1336 938 1525 991 diximus,
1554 940 1698 980 adfinis
1717 946 1777 979 est
1792 938 1948 994 species
1966 952 2087 993 quae-

294 1005 389 1045 dam
427 1005 731 1058 opportunitatis
758 1002 897 1053 datae,
932 1003 1109 1057 quippe,
1146 1003 1218 1057 qui
1250 1003 1301 1042 ad
1327 1004 1527 1058 agendum
1553 1003 1774 1058 obligatum
1801 1017 1845 1043 se
1872 1001 2089 1051 existimat,

295 1067 455 1124 copiam
483 1082 649 1123 quoque
675 1066 756 1107 sibi
783 1066 928 1107 factam
953 1066 1020 1107 vel
1044 1066 1203 1107 virtutis
1238 1067 1303 1107 vel
1345 1068 1565 1108 industriae
1592 1082 1688 1107 suae
1722 1066 1972 1107 exhibendae
1997 1079 2088 1104 sen·

295 1133 358 1172 tit.
413 1132 535 1185 Quae
562 1131 699 1171 omnia
725 1129 963 1183 diligentius
990 1129 1210 1171 examinata
1236 1137 1276 1171 et
1300 1131 1517 1185 ponderata
1551 1146 1599 1172 eo
1625 1145 1699 1171 nos
1726 1131 2006 1179 adduxerunt,
2043 1134 2089 1167 ut

297 1198 413 1236 locus
442 1196 514 1235 ille
532 1194 669 1234 Taciti
697 1193 752 1233 ita
780 1193 1027 1244 emendatus,
1054 1193 1116 1234 uti
1140 1194 1350 1235 nonnullis
1377 1194 1661 1249 interpretibus
1688 1195 1851 1248 placuit,
1877 1194 2088 1234 ludos-mo—

296 1261 514 1299 derationis
542 1264 661 1315 atque
686 1257 958 1296 abundantiae
983 1257 1112 1306 duxit,
1141 1257 1260 1296 aliam
1286 1258 1522 1299 sententiam
1549 1258 1753 1299 continere
1780 1273 1862 1298 non
1891 1271 2005 1312 posse
2031 1257 2089 1296 vi-

298 1324 485 1373 deretur,
522 1320 605 1360 nisi
639 1321 765 1360 banc:
802 1319 921 1359 ludos
949 1326 989 1359 et
1014 1319 1150 1360 inania
1176 1320 1341 1361 honoris
1366 1336 1440 1376 pro
1466 1336 1541 1362 suo
1567 1322 1734 1378 ingenio
1761 1337 1807 1362 ac
1833 1336 1953 1363 sensu
1981 1322 2087 1375 ejus-

297 1385 410 1427 modi
445 1398 534 1425 esse
569 1382 837 1434 existimavit,
891 1398 997 1438 quae
1023 1385 1358 1438 opportunitatem
1385 1386 1601 1439 praebeant
1643 1386 1927 1426 moderationis
1970 1394 2090 1442 atque

298 1448 572 1491 abundantiae
598 1447 883 1486 ostentandae:
912 1447 971 1487 sic
998 1454 1044 1487 ut
1069 1454 1237 1501 utraque
1262 1447 1389 1488 virtus
1409 1448 1494 1489 sive
1512 1455 1729 1504 utrumque
1747 1451 1896 1491 bonum
1917 1452 2089 1505 spatium

298 1513 418 1570 quasi
445 1511 612 1553 haberet
639 1509 930 1563 exemplorum.
985 1510 1100 1560 Quae
1127 1512 1323 1551 sententia
1348 1526 1421 1566 per
1450 1527 1494 1553 se
1518 1519 1693 1568 spectata
1710 1527 1763 1553 ne
1785 1513 1902 1553 nobis
1929 1513 2084 1568 quidem

298 1578 440 1631 inepta
468 1580 539 1616 aut
562 1572 746 1613 moribus
773 1572 852 1612 viri
878 1572 1045 1614 aliunde
1071 1574 1243 1628 cog-uitis
1270 1582 1309 1615 et
1335 1576 1548 1628 compertis
1575 1576 1744 1630 indigna
1768 1578 1985 1624 videretur,
2012 1577 2088 1615 nisi

299 1643 404 1680 duae
420 1636 637 1677 diffidendi
653 1650 700 1674 ac
716 1635 931 1674 dubitandi
949 1649 1111 1676 caussae
1121 1637 1331 1677 subessent
1347 1638 1511 1678 minime
1528 1639 1814 1692 aspernandae.
1834 1639 2012 1679 Primum
2023 1654 2088 1693 pa-

298 1718 389 1743 rum
401 1701 553 1755 liquet,
573 1698 776 1754 quomodo
787 1698 879 1752 quis
891 1712 1034 1752 parcns
1043 1698 1166 1740 simul
1180 1701 1260 1740 dici
1279 1701 1405 1755 possit
1414 1709 1453 1742 et
1467 1717 1550 1742 non
1564 1702 1742 1742 liberalis
1754 1704 1886 1753 modo,
1901 1704 1969 1742 sed
1983 1717 2089 1756 mag·

298 1766 447 1805 nificus
467 1764 513 1802 in
535 1762 644 1802 ludis
663 1760 911 1801 adornandis
927 1767 968 1800 et
986 1761 1247 1802 instruendis.
1260 1766 1301 1813 ⁶)
1327 1763 1784 1805 Scilicetabundantiam
1794 1765 1937 1806 Tacito
1948 1766 2093 1805 dictam

298 1835 337 1867 et
360 1824 608 1865 intellectam
627 1839 714 1864 esse
731 1837 869 1863 rerum
889 1824 1203 1864 necessariarum
1214 1825 1367 1879 copiam
1378 1826 1577 1881 quandam
1586 1827 1838 1880 adfluentem,
1852 1844 1988 1871 omnes
1998 1843 2092 1870 eon-

296 1889 501 1930 sentiunt·
521 1901 651 1928 unum
661 1893 798 1938 restat,
818 1886 869 1928 de
887 1901 972 1941 quo
983 1887 1075 1942 quis
1086 1888 1219 1928 baud‘
1207 1890 1403 1946 immerito
1413 1891 1601 1945 ambigat,
1612 1899 1743 1936 utrum
1752 1893 1996 1933 abundantia
2015 1895 2092 1934 hoe

296 1944 389 1994 loco
416 1951 684 2005 intelligenda
697 1951 752 1992 sit
770 1950 901 2006 ipsius
928 1958 1145 2005 apparatus
1172 1953 1432 2008 omniumque
1458 1954 1637 2007 cujusvis
1663 1956 1825 2010 generis
1851 1957 2073 1998 iustrumcn

297 2025 433 2058 torum
460 2015 580 2069 copia
607 2022 647 2054 et
673 2013 1001 2069 magnificentia,
1037 2028 1090 2054 an
1128 2015 1386 2069 cogitandum
1420 2017 1473 2057 sit
1499 2018 1548 2058 de
1583 2019 1643 2058 rei
1668 2020 1879 2060 familiaris
1906 2028 1945 2061 et
1972 2035 2061 2075 peer

296 2081 391 2120 niae
418 2078 715 2132 impendendae
740 2076 880 2117 multis
908 2083 949 2116 et
974 2077 1132 2132 magnis
1167 2078 1373 2119 subsidiis.
1425 2079 1554 2121 Nobis
1589 2082 1753 2136 quidem
1786 2083 1915 2137 magis
1951 2098 1999 2124 eo
2032 2084 2061 2114 ί·

297 2144 421 2182 clinat
447 2140 624 2192 animus,
652 2148 697 2180 ut
722 2141 785 2180 rei
812 2139 1024 2180 familiaris
1051 2140 1337 2181 abundantiam
1363 2142 1626 2197 significatam
1652 2154 1853 2199 putemus,
1879 2161 1999 2200 quam
2015 2153 2059 2192 Ρ-

298 2211 461 2260 paratus
486 2209 529 2244 et
554 2203 842 2259 supellectilis.
897 2203 1099 2258 Exemplo
1127 2210 1188 2245 est
1213 2212 1503 2250 commeatuum
1526 2209 1795 2262 abundantia,
1821 2224 1924 2265 quae
1948 2209 2059 2251 ditur

341 2366 374 2405 ⁷)
398 2363 499 2406 Quod
519 2363 719 2448 ”cyzim
739 2365 919 2406 intelligat,
928 2368 1044 2450 ¹¹iqcuasi
1065 2377 1125 2410 pro
1148 2368 1365 2402 conditionum
1393 2380 1431 2403 ac
1459 2381 1566 2403 rerum
1586 2372 1763 2405 diversitate
1783 2374 1915 2405 eundem
1936 2367 2052 2400 minem

615 2427 635 2448 ο
690 2428 723 2448 m
930 2420 938 2428 ι
1038 2421 1046 2429 ι
1544 2426 1552 2433 ι
1894 2430 1901 2437 ι
2004 2422 2012 2430 ⁰

401 2424 615 2504 zm...
625 2421 829 2504 mxu:
848 2419 2050 2520 affimfflffiff‘ffr‘fflfffssff'zt

404 2526 625 2570 Pomponium
644 2526 805 2566 Atticum,
831 2537 1023 2571 quamquam
1045 2527 1230 2569 diligentem
1250 2531 1298 2562 rei
1316 2530 1482 2563 familiaris
1502 2537 1636 2566 nitorem
1656 2539 1690 2567 et
1711 2534 2047 2570 curatorewnfln‘lmm

403 2586 509 2614 tamen
540 2581 661 2614 amicos
692 2580 872 2623 indigentes
903 2581 1079 2617 destituisse
1104 2581 1278 2618 Cornelius
1298 2586 1383 2622 testis
1405 2583 2042 2626 est.Cfi·.VitaAuicie.tamur-9·
