2273 3157
1004 247 1264 329 ,ι--ε-ἐ--Ξ

237 392 301 417 me
329 377 471 432 paucis
498 377 815 425 demonstretur,
856 375 957 413 haee
984 370 1233 428 quaestionis
1260 373 1473 421 susceptae
1499 366 1603 407 ratio
1629 366 1834 422 postulare
1861 366 2033 407 videtur.

240 441 385 495 Itaque
412 448 459 479 ut
487 439 581 479 inde
609 438 819 489 exordiar,
846 452 928 492 quo
953 451 1052 476 suns
1079 447 1284 489 quemque
1302 444 1447 472 sensus
1468 430 1597 482 «lucit,
1624 430 1738 471 nulla
1765 433 1841 471 erit
1867 439 1941 472 aut
1965 432 2034 471 ad·

236 505 341 543 mitti
372 502 519 559 poterit
546 501 671 541 menti
697 503 896 541 humanae
920 499 1002 540 loci
1028 498 1201 551 alicujus
1226 497 1356 537 media
1378 496 1539 551 positio,
1567 493 1650 535 nisi
1677 493 1750 534 ubi
1774 494 1945 536 duarum
1963 510 2031 537 ex·

233 576 451 608 tremat-um
477 567 652 620 partium
678 565 743 606 vel
769 579 864 605 vere
891 571 952 604 est
976 563 1043 604 vel
1069 562 1270 615 cogitatur
1295 561 1381 601 sive
1407 559 1574 600 brevior
1599 559 1687 599 sive
1703 558 1867 613 longior
1880 560 2029 600 distan-

234 631 303 669 tia.
361 630 448 671 Hoc
474 636 606 672 autem
635 628 741 668 inter
766 634 983 682 utrumque
1007 624 1223 667 terminum
1251 624 1424 680 spatium
1452 623 1738 680 interpositum
1766 622 1838 663 nbi
1853 622 1903 663 ad
1920 638 2029 664 men-

232 694 284 734 tis
312 703 351 735 et
378 692 632 750 cogitationis
659 692 808 732 formas
833 690 1101 741 transfertur,
1137 688 1347 730 notionum
1375 702 1421 729 ac
1447 702 1583 729 rerum
1609 689 1878 729 diversitatem
1905 689 2032 730 efficit

234 766 352 812 atque
380 759 422 798 in
446 756 595 811 primis
621 761 826 809 spectatur
849 761 936 795 tum
961 754 1005 795 in
1030 753 1180 794 finibus
1206 753 1403 794 bonorum
1431 760 1472 793 et
1498 751 1713 803 malorum,
1739 758 1825 792 tum
1852 752 1897 793 iu
1919 754 2030 795 vitiis

232 822 440 862 hominum
468 835 513 860 ac
540 818 768 861 virtutibus.
822 818 945 871 Quod
971 818 1026 860 ita
1051 814 1140 859 fieri
1166 831 1212 858 ac
1238 831 1395 872 semper
1422 817 1574 858 factum
1602 831 1691 858 esse
1718 830 1840 858 nemo
1863 818 2028 860 mirabi-

233 893 313 933 tur,
340 886 373 924 si
403 884 567 938 quidem
595 898 676 922 non
704 883 786 923 alia
813 883 930 923 facile
957 883 1062 923 vitae
1087 889 1127 922 et
1152 895 1307 920 morum
1334 882 1481 921 rationi
1510 896 1558 921 ac
1585 881 1746 921 notioni
1773 888 1853 921 tam
1881 896 2026 923 conve-

232 948 317 986 niat
346 947 493 1000 imago,
523 960 643 1001 quam
671 946 775 998 viae,
802 946 885 987 sive
914 946 1037 986 initae
1063 945 1146 986 sive
1174 944 1482 998 ingrediundae,
1508 951 1579 985 ant
1604 944 1728 985 etiam
1748 958 1965 987 mensurae
1979 961 2027 988 ac

231 1011 451 1065 ponderis,
477 1025 558 1064 quo
586 1017 759 1065 utroque
785 1010 905 1051 modo
931 1009 1114 1050 adhibito
1140 1008 1351 1049 hominnm
1378 1008 1505 1062 probe
1531 1021 1579 1048 ac
1604 1013 1715 1047 recte
1740 1015 1813 1048 aut
1837 1009 2025 1065 improbe

231 1082 270 1114 et
297 1089 417 1127 prave
445 1075 546 1113 facta
575 1073 798 1112 metiamur.
848 1073 942 1113 Jam
966 1087 1062 1114 vero
1091 1073 1177 1112 sive
1207 1087 1229 1111 a
1257 1071 1373 1110 lance
1397 1071 1485 1110 sive
1512 1071 1563 1110 ab
1589 1070 1698 1109 linea
1714 1077 1837 1125 atque
1855 1077 2023 1127 amussi,

229 1137 315 1177 sive
342 1135 520 1190 deniqne
548 1135 597 1174 ab
630 1134 775 1175 itinere
802 1134 1019 1190 imaginem
1046 1134 1225 1190 petieris,
1250 1148 1381 1173 unum
1407 1147 1567 1188 semper
1592 1133 1771 1188 reperies
1797 1135 2020 1189 vinculum,

229 1213 311 1253 quo
339 1205 515 1238 extrema
544 1211 590 1237 ac
615 1196 758 1250 procul
783 1204 934 1238 remota
959 1203 1163 1252 tamquam
1191 1197 1326 1237 medio
1356 1197 1498 1251 aliquo
1525 1197 1633 1237 nodo
1661 1198 2019 1252 constringantur:

227 1262 437 1302 notionum
464 1267 525 1301 est
545 1260 756 1300 similitudo
785 1266 826 1301 et
849 1260 1045 1314 quaedam
1071 1260 1177 1301 inter
1202 1275 1246 1301 se
1272 1259 1456 1313 adfinitas
1482 1259 1674 1300 vitiorum
1698 1266 1739 1300 et
1754 1260 1948 1303 virtutum
1963 1266 2018 1318 ⁴),

228 1340 310 1380 quo
338 1339 388 1365 ex
414 1338 562 1378 genere
590 1337 677 1363 csse
704 1323 954 1377 diligentiam
993 1323 1098 1364 circa
1135 1338 1220 1364 rem
1258 1323 1498 1363 familiarem
1534 1323 1623 1363 sive
1656 1323 1940 1378 parsimoniam
1976 1338 2016 1369 et

226 1387 482 1441 largitionem
508 1386 571 1427 vel
599 1385 876 1440 profusionem
904 1400 1031 1441 quum
1058 1386 1243 1441 exempla
1272 1387 1438 1437 docent,
1479 1394 1565 1426 tum
1598 1386 1794 1441 loquendi
1829 1403 1928 1431 usus
1977 1401 2017 1432 et

223 1466 305 1505 qua
334 1450 403 1489 ille
430 1450 602 1499 nititur,
631 1456 833 1503 tamquam
858 1449 1118 1489 fundamento
1145 1449 1334 1500 naturali,
1359 1450 1446 1503 ipsa
1472 1449 1574 1490 ratio
1600 1456 1641 1489 et
1667 1449 1874 1504 cogitatio.
1930 1454 2015 1494 Ex·

221 1514 400 1571 emplum
419 1512 542 1552 habes
564 1511 816 1552 luculentum
841 1511 1015 1552 hominis
1041 1512 1215 1553 medinm
1242 1513 1348 1553 inter
1368 1513 1449 1553 duo
1476 1511 1595 1568 quasi
1621 1519 1797 1554 extrema
1814 1516 1951 1558 stricte
1967 1533 2013 1559 ac

225 1585 386 1617 strenue
418 1576 591 1614 tenentis
608 1575 809 1624 Atticum,
836 1575 908 1629 qui
934 1589 1072 1628 quum,
1100 1574 1290 1616 Cornelio
1314 1582 1425 1628 teste,
1451 1590 1534 1616 non
1560 1575 1784 1632 indiligens
1810 1586 1918 1620 esset
1943 1595 2014 1637 Ρ..

223 1639 486 1689 tei-familias,
524 1653 733 1693 nunquam
767 1645 901 1679 tamen
936 1638 1074 1678 amicis
1109 1639 1425 1693 periclitantibus
1460 1648 1581 1694 atque
1615 1640 1831 1694 egentibus
1866 1643 2013 1686 defuit.

225 1706 288 1744 Ac
317 1704 351 1742 si
377 1710 420 1742 tu
448 1702 633 1756 quaeris,
670 1714 773 1758 quae
810 1701 865 1742 sit
897 1703 1064 1742 rationis
1099 1708 1219 1757 atque
1244 1703 1510 1744 abundantiae
1535 1702 1622 1743 sive
1648 1702 1881 1758 diversitas,
1914 1708 2014 1760 sive,

220 1782 328 1821 quae
356 1769 432 1806 hoc
459 1767 547 1805 loco
575 1765 761 1819 inprimis
787 1772 1000 1820 spectatur,
1024 1765 1232 1806 notionum
1259 1767 1456 1816 adfinitas,
1481 1766 1551 1805 vix
1577 1765 1757 1820 reperias
1782 1768 1905 1810 talem
1932 1771 2012 1811 dis·

226 1829 406 1869 criminis
432 1835 588 1878 notam,
625 1843 705 1881 qua
742 1835 952 1883 utramque
985 1842 1125 1870 vocem
1159 1828 1266 1868 inter
1291 1843 1333 1870 se
1360 1828 1534 1869 naturali
1559 1828 1729 1870 vinculo
1754 1832 2013 1885 conjunctam

222 1907 402 1934 censeas.
440 1890 543 1931 Nam
574 1892 659 1931 sive
686 1897 731 1930 tu
756 1891 951 1932 rationem
978 1890 1155 1945 accipias
1174 1891 1390 1945 judicandi
1416 1900 1456 1933 et
1482 1892 1743 1933 discernendi
1768 1895 2013 1949 facultatem,

223 1959 307 1997 sive
329 1957 480 2009 justam
508 1961 546 1993 et
573 1962 795 1993 accuratam
821 1954 881 1994 rei
906 1954 1113 1994 numan-iae
1140 1954 1478 2009 computationem
1505 1962 1545 1995 et
1571 1956 1926 2010 dispensationem,
1954 1967 2011 2000 ta-

224 2036 315 2061 nnen
343 2034 416 2059 cur
442 2024 482 2057 et
509 2017 710 2071 quomodo
737 2017 787 2057 ab
814 2017 1059 2057 abundantia
1086 2016 1349 2067 discernatur,
1376 2031 1450 2057 cur
1474 2018 1571 2059 huie
1598 2019 1857 2073 potissimum
1880 2024 2011 2064 notio·

221 2085 266 2126 ni
295 2091 333 2124 et
358 2080 579 2123 conditioni
607 2086 846 2135 opponatur,
872 2079 986 2121 nulla
1011 2079 1056 2120 in
1081 2087 1270 2136 promptu
1297 2087 1358 2121 est
1383 2095 1522 2122 caussa
1549 2082 1708 2125 idonea.
1733 2083 1863 2126 Immo
1884 2087 2012 2128 abun·

223 2148 360 2189 dantia
387 2158 511 2200 quum
536 2144 614 2184 alia
637 2158 724 2184 esse
749 2148 948 2197 nequeat,
983 2143 1066 2185 nisi
1098 2158 1234 2184 rerum
1266 2151 1308 2185 ct
1339 2143 1568 2198 copiarum,
1602 2145 1648 2185 id
1682 2146 1817 2201 ipsum
1843 2151 2010 2191 rationis

224 2226 310 2252 esse
338 2209 547 2257 concedes,
574 2213 619 2246 ut
645 2206 745 2261 qnid
773 2213 812 2246 et
840 2212 1037 2260 quantum
1061 2207 1128 2247 vel
1153 2207 1351 2247 redundet
1377 2207 1443 2247 vel
1470 2208 1630 2248 deficiat
1663 2209 1707 2248 in
1732 2224 1776 2249 re
1803 2211 2011 2263 familiari,

224 2275 323 2330 quid
350 2271 453 2315 lucri
481 2270 630 2325 quidve
650 2270 829 2323 jacturae
857 2270 1007 2310 factum
1033 2270 1112 2321 sit,
1148 2271 1249 2325 quid
1281 2271 1326 2310 in
1364 2271 1538 2325 acceptis
1572 2272 1723 2325 quidve
1749 2275 1795 2312 in
1822 2277 2014 2329 expensis

223 2336 495 2386 referendum,
523 2333 769 2374 numerando
796 2332 991 2389 exigatur.
1041 2333 1235 2385 Accedit,
1267 2334 1379 2389 quod
1413 2341 1454 2374 et
1490 2334 1739 2377 abundantia
1773 2338 1942 2392 quaevis
1969 2340 2014 2381 in

222 2403 341 2443 bonis
368 2401 549 2449 habetur,
574 2413 656 2439 non
682 2397 727 2438 in
752 2396 882 2448 malis,
910 2396 1057 2453 quibus
1084 2397 1269 2438 homines
1296 2398 1437 2453 adfligi
1464 2413 1508 2439 se
1526 2399 1704 2452 doleant,
1731 2407 1772 2441 et
1786 2401 1889 2443 ratio
1908 2411 2015 2445 utra·

223 2481 316 2521 que,
342 2466 393 2507 de
420 2478 501 2520 qua
528 2462 683 2503 dictum
711 2468 786 2514 est,
814 2468 898 2503 tum
924 2475 1026 2517 quae
1053 2460 1097 2502 in
1122 2468 1229 2504 recte
1253 2462 1480 2516 judicando
1508 2470 1550 2505 et
1574 2464 1793 2520 cogitando
1819 2468 2015 2521 cernitur,

267 2652 300 2692 ο)
322 2650 413 2683 Talis
434 2652 480 2682 est
499 2648 601 2688 lom,
628 2649 683 2692 qui
704 2652 804 2682 exsut
825 2649 912 2693 apua
931 2649 1007 2684 nv.
1025 2649 1244 2688 nnexxn,
1269 2647 1314 2681 12
1336 2649 1364 2685 f.
1386 2659 1446 2693 pro
1466 2628 1814 2694 montemagno-n.
1836 2663 1898 2697 pm
1919 2660 2012 2687 ωηο

327 2704 483 2741 timidum,
505 2703 661 2744 affingens
681 2704 785 2735 vicina
808 2704 978 2737 virtutibus
998 2704 1083 2741 vitia,
1110 2703 1336 2747 compellabat.

1700 2747 1703 2749 ’
1727 2759 1752 2798 2
