2273 3157
1094 246 1152 289 ¹9

225 363 445 419 particulae
473 361 721 416 copulativae
748 366 810 406 vel
837 368 1029 409 sermonis
1056 368 1341 423 proprietatem
1371 367 1531 406 definiri
1559 367 1692 417 eredo,
1720 367 1754 405 si
1782 366 2016 421 explicandi

226 429 327 469 ratio
357 436 396 469 et
423 426 593 467 formula
621 428 840 471 adsumitur
864 435 982 473 haec:
1018 440 1056 473 et
1090 448 1193 491 quae
1229 433 1308 472 illis
1335 431 1488 485 adfinia
1522 437 1639 478 aunt,
1678 430 1783 469 sive:
1835 439 1874 470 et
1909 446 2015 485 quae

223 494 399 547 ejusdem
425 492 509 531 fere
534 494 689 546 qenert’s
714 502 816 537 sunt.
870 495 1014 537 Solent
1040 504 1171 537 autem
1199 496 1241 536 in
1270 495 1473 549 ejusmodi
1500 495 1669 534 duarum
1688 509 1820 533 rernm
1849 494 1913 534 vel
1940 510 2012 535 no-

224 558 382 596 tionum
410 555 605 608 junctura
632 556 841 611 scriptores
867 575 946 600 non
973 560 1200 615 promiscue
1227 575 1348 599 unam
1365 566 1404 599 et
1421 559 1587 598 alteram
1609 557 1823 604 collocare,
1849 559 1919 598 sed
1938 572 2012 598 suo

225 633 426 674 quamque
446 619 536 659 loco
554 628 716 674 *ponunt
737 624 1039 683 prinmn'amque
1064 632 1104 665 et
1126 628 1383 678 praecipuam
1409 624 1660 672 antecedere,
1686 622 1918 662 inferiorem
1945 630 2014 661 ant

225 684 359 723 minus
384 697 544 738 gravem
570 684 682 739 sequi
705 686 859 738 jubent.
934 688 1063 741 Cujus
1088 688 1255 728 rationis
1280 688 1395 728 locus
1433 694 1570 727 noster
1604 686 1772 740 insigne
1797 686 2013 726 documen-

226 756 309 787 tum
332 754 416 787 est:
443 747 515 787 sed
542 762 623 802 quo
650 748 717 788 illa
743 749 890 790 nitatur
914 752 1190 802 fundamento,
1216 765 1289 790 cur
1315 751 1370 791 ita
1396 751 1518 791 verba
1544 750 1745 790 collocare
1764 763 1930 801 prorsus
1946 762 2011 788 ne-

225 827 335 851 eesse
362 811 437 862 sit,
472 811 553 850 nisi
589 813 678 866 quis
716 814 875 855 rationis
908 823 947 855 et
978 829 1098 855 sanae
1123 815 1267 854 mentis
1294 814 1454 869 legibus
1479 828 1711 868 repugnare
1736 812 1847 863 velit,
1873 819 1913 853 et
1939 826 2012 852 sua

225 883 384 929 sponte)
453 875 568 929 ’sque
594 876 798 930 intelligit,
825 885 863 917 et
888 879 1068 933 exempla
1103 879 1250 932 passim
1287 878 1405 918 obvia
1442 878 1741 928 declarantss)

330 939 365 979 P
428 953 537 982 remo
564 955 686 994 quum
715 941 902 981 rariorem
929 943 1036 996 apud
1071 949 1223 982 veteres
1249 941 1463 996 scriptores
1491 943 1635 982 factam
1663 940 1873 981 videamus
1900 952 2011 978 men-

226 1004 638 1057 tionem'praetomm,
665 1005 809 1060 quibus
834 1005 1056 1059 spectacula
1084 1006 1203 1047 edere
1230 1004 1520 1057 vcinam-is,
1553 1005 1619 1046 vel
1643 1002 1843 1059 voluptati
1869 1001 2010 1051 fuerit,

225 1081 434 1120 quumque
463 1069 535 1106 hac
562 1068 609 1107 de
635 1083 677 1107 re
712 1075 800 1122 post
832 1068 1055 1135 Saviliuuv
1096 1070 1216 1122 cujus
1250 1068 1571 1109 observationem
1604 1082 1747 1123 parum
1782 1072 2009 1106 accuratam

225 1129 348 1170 editio
375 1128 549 1172 (Jirronov⁴
575 1130 751 1181 exhibet,
785 1130 889 1170 nihil
916 1132 1000 1173 fere
1033 1132 1083 1171 ab
1121 1132 1406 1185 interpretibus
1434 1133 1484 1170 ad
1510 1134 1644 1171 locum
1669 1138 1853 1171 nostrum
1882 1130 2007 1168 adno-

225 1200 347 1234 tatum
368 1193 595 1248 reperiatur,
621 1194 792 1234 tironum
820 1194 993 1234 maxime
1010 1196 1313 1235 necessitatibus
1332 1197 1559 1235 consultum
1576 1196 1780 1249 putabam,
1805 1195 1842 1233 si
1860 1195 1903 1232 in
1923 1207 2006 1232 me·

225 1257 390 1298 moriam
407 1272 643 1308 revocarem,
669 1272 770 1311 quae
796 1256 847 1297 ab
856 1257 1044 1312 Augusto
1071 1274 1194 1312 quum
1216 1273 1355 1300 recens
1375 1260 1570 1309 instituta,
1595 1265 1681 1297 tum
1699 1258 1904 1297 immutata
1927 1263 2003 1296 tra-

225 1322 375 1361 duntur
400 1336 422 1361 a
447 1321 576 1361 Dione
603 1319 710 1360 Cass.
736 1319 853 1372 XIV,
879 1322 918 1362 2.
969 1321 1048 1362 Ille
1073 1322 1205 1372 enim,
1244 1330 1454 1377 postquam
1493 1336 1647 1362 summa
1682 1336 1818 1361 rernm
1851 1319 2004 1374 potitus

226 1392 299 1436 est,
325 1399 405 1428 non
434 1383 549 1423 modo
574 1384 824 1436 praetoribus
850 1384 1041 1425 ludorum
1077 1385 1259 1425 omnium
1288 1392 1327 1426 et
1352 1385 1672 1441 spectaculorum
1699 1398 1837 1425 curam
1864 1382 2003 1436 injun-

224 1449 283 1488 xit
318 1456 437 1503 utque
472 1447 521 1486 iis
557 1462 605 1486 cx
640 1448 802 1501 publico
840 1444 992 1488 aerario
1027 1448 1184 1503 aliquid
1211 1449 1425 1489 levamenti
1448 1450 1609 1490 daretur
1635 1447 1827 1499 instituit,
1861 1461 2004 1486 verum

224 1514 336 1552 etiam
365 1526 414 1550 nr:
440 1510 529 1564 quis
555 1510 646 1563 plus
674 1511 843 1565 reliquis
870 1512 913 1550 in
947 1525 1016 1551 eos
1047 1512 1296 1566 impenderet
1332 1528 1382 1554 ex
1407 1513 1491 1554 suis
1517 1511 1776 1553 facultatibus
1802 1510 2004 1565 sapienter

223 1575 494 1629 praescripsit:
519 1581 721 1626 praeterea
746 1575 981 1628 gladiatoria
1009 1590 1173 1615 munera
1210 1576 1307 1616 bina
1341 1585 1498 1617 tantum
1524 1576 1698 1629 singulis
1725 1575 1843 1615 annis
1869 1587 2004 1628 neque

222 1639 311 1693 plus
339 1652 456 1692 quam
485 1644 644 1677 centum
672 1637 818 1691 viginti
843 1638 1108 1693 gladiatorum
1135 1638 1203 1679 edi
1221 1640 1362 1691 voluit,
1390 1655 1524 1695 neque
1548 1639 1630 1679 nisi
1651 1638 1849 1693 permissu
1878 1637 2004 1678 Sena-

222 1711 295 1743 tus.
324 1702 386 1742 De
413 1715 490 1755 qua
516 1701 605 1755 lege
633 1701 733 1755 quid
759 1708 799 1741 et
825 1709 1019 1756 quantum
1047 1703 1269 1757 posteriore
1294 1712 1472 1759 tempore
1499 1717 1572 1758 pro
1590 1718 1663 1744 sua
1683 1702 1859 1756 quisque
1874 1701 2004 1755 Inpe-

220 1773 398 1818 ratorum·
417 1765 479 1805 vel
507 1765 682 1820 potentia
709 1765 772 1806 vel
797 1765 980 1807 lubidine
1007 1767 1283 1822 derogaverit,
1314 1768 1502 1823 exemplo
1528 1774 1590 1810 est
1615 1766 1761 1817 Galba,
1788 1765 1862 1821 qui
1882 1765 2002 1805 Prae—

221 1839 281 1871 tor
307 1831 433 1870 faetus
459 1843 606 1868 novum
632 1829 851 1883 spectaculi
877 1844 1036 1884 genus,
1073 1832 1305 1885 elephantos
1338 1832 1595 1874 funambulos
1622 1830 1794 1871 edidisse
1821 1835 2005 1871 narratur

220 1910 241 1933 a
272 1892 467 1934 Suetonio
496 1892 614 1934 Galb.
646 1893 682 1932 6.
772 1892 958 1933 Ceterum
985 1900 1026 1933 et
1060 1894 1102 1933 in
1129 1901 1263 1951 vetere
1293 1895 1503 1949 republica
1527 1895 1711 1934 Romana
1735 1893 1855 1932 ludos
1882 1905 2003 1946 quos·

221 1960 308 1998 dam
344 1971 475 1997 saeros
502 1956 703 1996 Praetoris
738 1956 881 1996 urbani
908 1956 1159 2010 potissimum
1185 1951 1306 1998 curae
1333 1958 1590 1997 demandatos
1617 1956 1741 1996 fnisse
1767 1955 1912 1995 Livius
1945 1961 2003 1994 te·
2024 1989 2040 1996 ..

219 2023 290 2061 stis
316 2027 375 2060 est
403 2020 492 2066 Lib.
506 2018 644 2069 XXV,
673 2021 737 2069 12,
768 2020 828 2060 14.
882 2019 945 2061 Cf.
971 2020 1176 2061 Drakenb.
1203 2021 1254 2060 ad
1280 2023 1322 2064 h.
1348 2021 1376 2061 l.
1405 2028 1445 2060 et
1471 2020 1674 2060 Sehwan.
1693 2018 1753 2060 ad
1788 2017 2005 2075 Nienport.

220 2102 258 2140 p.
279 2085 356 2126 151.
376 2082 476 2122 Nam
500 2083 608 2136 quod
634 2083 887 2123 aPlutarcho
915 2084 1034 2125 Brut.
1064 2098 1099 2123 c.
1132 2084 1193 2126 10.
1219 2084 1368 2140 passim
1383 2081 1660 2124 testimoninm
1678 2088 1885 2138 sumptum
1904 2080 2005 2133 vidi,

222 2165 304 2205 quo
330 2149 677 2197 demonstraretur,
704 2147 965 2186 Praetoribus
994 2148 1213 2203 antiquitus
1241 2149 1285 2190 id
1302 2148 1481 2189 muneris
1515 2146 1748 2203 impositum
1781 2145 1923 2197 fuisse,
1959 2151 2007 2190 ut

220 2214 336 2256 ludos
363 2212 524 2253 ederent
550 2218 591 2250 et
615 2211 866 2264 spectacula,
905 2211 948 2250 id
975 2226 1052 2264 ego
1073 2212 1275 2267 ‘equidem
1299 2214 1428 2268 magis
1453 2213 1506 2253 ad
1532 2212 1799 2267 posteriorum
1823 2208 2005 2253 saeculo·

222 2293 308 2319 rum
339 2289 466 2317 mores
492 2282 532 2314 et
561 2275 741 2314 instituta
768 2275 1107 2315 accommodatum
1130 2276 1345 2328 «existimo,
1378 2291 1499 2331 quam
1536 2291 1587 2317 ex
1621 2290 1716 2316 vera
1739 2273 2007 2329 reip-uiue,

219 2342 349 2397 qualis
376 2347 460 2380 tum
488 2345 586 2389 crat,
612 2338 840 2380 conditione
865 2338 1050 2383 relatum.
1106 2340 1193 2381 Cfr.
1226 2340 1371 2382 Pitisci
1396 2340 1534 2382 Lexie.
1562 2340 1705 2395 Antiq.
1733 2339 1859 2380 Rum-
1882 2337 2006 2378 Tm.

265 2510 280 2529 ¹
294 2510 327 2548 ¹)
351 2508 455 2551 Hujus
476 2509 599 2549 generis
620 2508 797 2549 complura,
821 2519 881 2549 pro
901 2518 955 2538 sua
976 2511 1007 2537 et
1027 2506 1191 2548 unigenu-
1212 2512 1244 2539 οἱ
1258 2508 1379 2550 inat-’1⁹2
1395 2507 1569 2539 subtilitate
1592 2507 1860 2549 congenita-'ahi
1880 2509 1922 2539 ad
1931 2509 2008 2543 mv.

326 2561 428 2598 xxl,
454 2561 515 2600 55,
540 2562 576 2595 2.
621 2561 695 2594 cfr.
718 2562 840 2593 Raudii
865 2562 909 2595 V.
932 2560 990 2595 (u.
1034 2561 1212 2595 Tui-nenia.
1232 2562 1334 2605 ILp.
1346 2560 1444 2594 480.
1466 2561 1525 2596 12.
1546 2562 1603 2593 ubi
1623 2566 1741 2597 umen.
1765 2561 1820 2603 «1⁸3
1842 2562 2009 2594 iren-d·-

327 2617 430 2648 classe
451 2617 630 2647 referuntur
651 2617 715 2647 loci
737 2615 925 2655 Ciceronis,
957 2617 989 2647 in
1007 2615 1125 2659 ,quibus
1141 2615 1320 2658 particulae
1343 2616 1543 2658 copulativae
1561 2616 1713 2658 adiu-eh
1729 2608 1937 2657 'speri-niu*
1956 2628 2010 2650 vo-

327 2670 440 2703 eabula
463 2676 593 2703 canctus
614 2675 754 2707 eet-tom,
777 2670 938 2714 aliquanto
954 2670 1075 2703 >diversi
1088 2669 1219 2712 κακὼ
1237 2670 1547 2705 menan-desim.
