2273 3157
1116 163 1146 207 5

1010 217 1257 235 m

1012 235 1113 242 -——<

236 297 321 330 tum
352 299 434 331 crat
461 304 482 330 a
509 303 572 330 me
596 294 886 343 programmate
913 286 1135 342 superioris
1159 284 1253 326 anui
1278 283 1341 324 -de
1377 290 1518 324 natura
1546 282 1834 338 particularum
1874 283 1955 321 nisi
1989 287 2027 320 et

238 358 283 396 ιη’
308 355 532 410 paullulum
563 353 668 391 inter
692 365 734 392 se
762 352 931 402 diversa,
958 365 1038 390 usu
1062 358 1168 391 certe
1196 364 1275 391 non
1292 348 1394 405 pari,
1420 347 1697 401 rationemque
1724 347 1889 386 inieram
1921 360 2025 396 cam,

238 434 340 473 quac
368 423 525 472 practer
551 422 700 454 ceteras
726 416 905 471 expedita
938 416 1165 455 videbatur:
1209 415 1366 455 scilicet
1393 427 1467 469 per
1491 411 1699 466 exempla,
1743 426 1763 449 a
1791 412 1936 449 Tacito
1966 410 2025 448 in·

238 483 379 536 primis
408 482 449 518 in
478 479 558 517 vita
588 479 804 532 Agricolae
830 479 1101 533 suppeditata,
1127 479 1177 517 ad
1205 478 1403 531 liquidum
1434 492 1518 517 rem
1547 475 1768 530 perducere
1795 476 2025 513 studebam:

239 544 371 583 addita
401 548 514 580 crant
541 541 616 580 alia
645 542 842 581 nonnulla
878 558 901 581 a
939 542 1132 582 Sallustio
1166 542 1299 595 petita.
1363 541 1457 595 Ipsa
1497 547 1629 596 autem
1665 539 1736 579 illa
1775 538 2024 595 familiaritas

238 606 337 644 inita
364 611 403 644 et
429 604 598 644 recentis
625 604 749 643 studii
777 605 992 644 amoenitas
1017 620 1150 659 neque
1177 605 1226 645 ab
1252 621 1372 660 opere
1389 605 1509 645 modo
1539 605 1728 644 inchoato
1748 616 1812 642 me
1839 602 2027 641 recedere

237 668 330 708 sivit
357 674 397 707 et
424 682 585 723 operam
613 666 736 707 scmcl
763 666 979 722 impensam
1008 668 1240 709 continuare
1274 685 1321 709 eo
1354 669 1484 723 mag-is
1513 669 1662 723 jussit,
1698 676 1783 724 qno
1816 665 1955 721 plures
1981 664 2025 703 in

238 733 375 774 codem
406 731 478 771 illo
506 730 639 770 Taciti
669 730 808 770 libello
837 731 1092 786 reperiuntur
1117 732 1219 784 loci,
1249 734 1318 789 qni
1348 733 1613 789 quantumvis
1635 749 1657 773 a
1687 731 1827 772 multis
1854 728 2026 769 multum

238 796 429 850 exagitati
457 795 565 835 hand
591 809 717 849 pauca
744 794 956 835 etiamnum
984 796 1190 851 interpreti
1215 797 1362 852 pariter
1386 805 1509 851 atque
1543 787 1686 838 lectori
1720 794 1933 836 dubitandi
1968 798 2026 832 at-

238 875 318 915 que
345 858 569 900 haesitandi
598 858 755 913 copiam
783 859 912 899 tacere
938 859 1156 901 vide-ntur.
1210 859 1270 899 Ex
1307 860 1370 900 luis
1397 868 1530 900 autem
1568 860 1669 901 locis
1697 856 2026 914 impeditioribus

232 926 317 977 jam
348 924 451 963 facto
478 922 632 961 delectu
661 936 765 962 novo
792 922 962 962 examini
989 922 1186 974 subjicere
1213 923 1253 962 in
1287 923 1420 962 animo
1457 931 1518 963 cst
1543 924 1685 973 talem,
1722 923 1790 962 cui
1827 936 1910 961 uon
1945 927 2026 958 hm

238 987 289 1028 ab
316 994 400 1027 arte
426 985 564 1025 critica
590 985 769 1025 medelae
796 985 947 1040 aliquid
972 984 1120 1026 adt'erri
1146 1000 1262 1041 posse
1288 1001 1360 1041 pro
1386 994 1494 1026 certo
1521 988 1664 1037 babeo,
1691 1000 1813 1042 qnam
1841 999 1864 1024 a
1884 982 2027 1024 verbo·

239 1066 328 1091 rum
357 1057 396 1091 et
421 1049 685 1100 locutionum,
711 1050 857 1104 quibus
884 1058 1020 1090 auctor
1044 1063 1140 1089 usus
1167 1057 1246 1101 est,
1272 1065 1364 1090 vera
1392 1058 1432 1091 et
1457 1058 1547 1106 apta
1577 1049 1918 1105 interpretatione.
1975 1047 2024 1085 ln

241 1130 323 1170 quo
350 1114 514 1169 quidem
541 1113 760 1153 tentamine
796 1114 838 1153 id
864 1114 1110 1169 experientia
1144 1130 1225 1155 uon
1262 1115 1389 1170 magis
1426 1128 1547 1170 quam
1582 1114 1883 1170 comparatione
1920 1113 2023 1151 sacta

241 1180 405 1218 edoctus
431 1192 537 1226 sum,
565 1177 614 1216 ad
642 1177 877 1217 Sallustium
905 1178 1240 1233 interpretandum
1268 1186 1448 1232 paratum
1476 1179 1679 1233 quoddam
1715 1185 1755 1217 et
1791 1183 2022 1232 promptum

240 1241 467 1282 subsidium
495 1241 545 1281 ad
572 1241 846 1292 obscuritates,
871 1241 1016 1295 quibus
1027 1242 1159 1282 Taciti
1179 1243 1323 1297 passim
1340 1242 1557 1282 sententias
1583 1242 1794 1282 obvolutas
1821 1239 2020 1288 invenias,

240 1304 513 1359 dispeilcudas
540 1304 726 1358 usurpari
751 1319 832 1345 non
858 1319 989 1359 posse.
1042 1304 1115 1345 Est
1140 1312 1270 1346 autem
1297 1306 1398 1346 ratio
1427 1306 1497 1345 illa
1525 1305 1642 1359 quasi
1678 1304 1925 1344 subsidiaria
1961 1303 2021 1342 ui·

240 1368 299 1409 bil
327 1367 440 1408 aliud
467 1367 547 1408 nisi
576 1367 819 1408 Graecorum
845 1368 1080 1423 scriptorum
1107 1368 1365 1409 consultatios
1402 1383 1504 1423 quos
1531 1367 1603 1409 ubi
1630 1368 1680 1408 de
1707 1367 1808 1407 locis
1833 1366 2022 1406 Sallustii

241 1430 482 1486 quibusdam
510 1431 710 1485 ambiguis
737 1437 856 1484 atque
880 1432 1086 1471 sententiis
1113 1431 1409 1471 obscurioribus
1436 1431 1604 1481 adieris,
1629 1431 1739 1470 baud
1767 1444 1858 1470 raro
1886 1444 2023 1469 veram

239 1496 321 1535 tibi
342 1495 451 1546 viam?
475 1503 695 1535 monstrare
723 1495 871 1534 dudum
898 1495 1101 1549 cognitum
1129 1502 1200 1545 est,
1226 1509 1305 1549 qua
1332 1496 1382 1534 ad
1413 1495 1601 1539 interiora
1628 1508 1818 1534 sensuum
1848 1501 1885 1533 et
1914 1493 2023 1547 cogi·

239 1558 435 1599 tatianum
464 1558 680 1613 penetralia
709 1558 928 1598 deducaris.
1005 1558 1168 1598 Etenim
1196 1572 1276 1597 non
1304 1556 1520 1598 sententias
1547 1557 1668 1597 modo
1694 1564 1755 1597 sat
1789 1556 1935 1597 multas
1972 1555 2025 1596 de

238 1623 359 1663 rebus
387 1622 577 1663 civilibus
604 1630 723 1679 atquc
748 1613 931 1662 liu—manis
956 1637 978 1663 a
1007 1621 1173 1662 Graecis
1199 1621 1461 1676 scriptoribus
1488 1628 1694 1661 mutuatus
1721 1628 1781 1661 est
1792 1620 2025 1669 Sallustius,

238 1687 307 1726 sed
334 1686 560 1740 complures
587 1688 704 1726 etiam
733 1687 929 1725 dictiones
965 1693 1082 1741 atque
1117 1685 1342 1738 singulares
1378 1685 1588 1723 verborum
1616 1691 1840 1724 structuras
1875 1685 1926 1722 ad
1960 1698 2025 1722 eo·

238 1750 418 1789 rumdem
446 1757 653 1789 auctorum
690 1750 872 1804 exempla
907 1750 1151 1804 composuit,
1185 1749 1243 1787 sie
1280 1757 1323 1787 ut
1350 1748 1505 1788 Graeca
1542 1763 1734 1803 persaepe
1760 1748 1906 1787 Latina
1942 1761 2026 1786 non

238 1816 439 1854 illustrare
465 1814 597 1863 modo,
624 1814 695 1852 scd
721 1828 772 1852 ex
797 1813 998 1866 prioribus
1026 1813 1107 1852 illis
1134 1813 1351 1866 posteriora
1377 1814 1477 1852 baec
1494 1812 1695 1865 originem
1714 1812 1837 1867 plane
1857 1811 2026 1850 traxisse

238 1878 460 1919 videantur·
497 1873 626 1927 Cujus
655 1874 819 1928 quidem
837 1875 1006 1914 subsidii
1035 1875 1077 1914 in
1088 1874 1280 1916 Sallustio
1307 1875 1607 1930 interpretando
1634 1874 1906 1930 prosperrimo
1933 1887 2028 1914 cum

241 1949 384 1983 eventu
413 1938 583 1979 adhibiti
612 1952 735 1990 quum
765 1937 806 1976 iu
835 1937 1146 1976 Commentariis
1174 1945 1287 1978 antea
1326 1940 1445 1978 editis
1482 1939 1664 1993 exempla
1701 1945 1905 1993 prostant,
1939 1946 2028 1977 tum

241 2020 341 2048 nova
370 2003 522 2057 aliquot
549 2000 901 2059 talis³imitationis
928 2001 1164 2040 documenta
1191 2008 1323 2041 nostra
1351 2002 1459 2041 Belli
1481 2002 1726 2056 Jugurthini
1752 2002 2029 2058 interpretatio

240 2068 472 2126 propediem
502 2065 541 2103 in
569 2065 773 2119 publicum
801 2065 1024 2119 evulganda
1051 2065 1274 2118 praebebit.
1328 2067 1387 2104 At
1405 2066 1541 2105 Taciti
1568 2066 1691 2120 longe
1718 2066 1797 2106 alia
1824 2066 1928 2107 ratio
1955 2073 2029 2107 est.

241 2134 378 2173 Habet
404 2130 567 2185 quidem
595 2144 720 2183 genus
747 2129 834 2181 ejus
862 2128 1027 2167 dicendi
1060 2129 1100 2166 in
1136 2128 1270 2168 verbis
1296 2129 1498 2168 struendis
1534 2138 1574 2169 ct
1607 2131 1900 2184 componendis
1936 2145 2031 2170 cum

245 2197 697 2238 Graecorum-sermone
724 2192 879 2247 aliquid
907 2191 1209 2243 similitudinis,
1245 2193 1315 2233 sed
1351 2208 1471 2248 quam
1505 2194 1649 2234 merito
1686 2194 1891 2234 fortuitam
1919 2194 2033 2234 dicas

244 2270 284 2301 et
311 2274 401 2300 cum
430 2265 510 2297 tota
537 2257 728 2296 sermonis
756 2256 915 2305 Latini,
951 2255 1083 2309 qualis
1121 2263 1204 2295 tum
1240 2264 1345 2307 erat,
1382 2257 1520 2296 indole
1558 2265 1599 2297 et
1633 2264 1774 2297 natura
1803 2258 2034 2298 necessario

243 2325 512 2378 conjunctam.
563 2320 729 2359 Tacitus
755 2319 853 2373 ipse,
881 2332 961 2373 quo
989 2325 1074 2357 erat
1099 2319 1234 2358 animo
1261 2327 1380 2375 atque
1407 2320 1589 2375 ingenio,
1604 2320 1854 2361 Graecorum
1873 2321 2037 2361 dicendi

244 2401 290 2426 ac
318 2384 520 2425 sentiendi
547 2385 741 2424 rationem
768 2397 841 2422 nec
869 2381 1059 2421 imitando
1084 2384 1310 2435 exprimere
1345 2391 1416 2424 aut
1451 2384 1622 2425 reddere
1648 2385 1803 2438 voluit,
1838 2393 1879 2426 et
1905 2386 1941 2426 si
1968 2401 2036 2425 vo·

243 2449 400 2498 luisset,
428 2447 674 2488 Graecorum
701 2445 875 2500 speciem
901 2460 947 2485 ac
972 2445 1138 2485 {ormam
1167 2445 1209 2485 in
1236 2460 1279 2487 se
1306 2447 1605 2502 recipere'eum
1635 2463 1718 2489 uon
1743 2450 1923 2504 potuisse
1940 2464 2037 2489 eon·

243 2511 454 2554 tenderim.
506 2511 604 2551 Erat
630 2510 738 2551 enim
765 2525 817 2550 ex
844 2510 908 2560 iis,
934 2509 1004 2564 qui
1015 2508 1219 2549 Romanae
1245 2511 1391 2551 mentia
1428 2526 1476 2552 ac
1508 2512 1716 2552 vetustatis
1753 2514 1972 2567 perfectam
2000 2521 2041 2552 et

242 2590 376 2618 veram
413 2573 589 2629 speciem
624 2587 812 2616 revocare
840 2573 1001 2629 vitaque
1026 2578 1066 2612 et
1090 2572 1282 2624 moribus,
1310 2583 1507 2631 quantum
1536 2589 1609 2631 per
1634 2583 1861 2633 temporum
1888 2577 2040 2632 asperi·
