2273 3157
1090 278 1149 323 15

224 404 365 459 Agric.
389 418 424 448 c.
449 403 513 445 33.
541 405 570 446 Γ.
621 402 705 444 Sed
732 403 844 444 aliud
870 409 1075 458 praeterea
1095 408 1168 453 est,
1195 401 1308 456 quod
1334 401 1610 455 suspicionem
1633 408 1778 451 movet,
1805 402 2023 455 quominus

224 468 464 507 sententiam
490 468 618 517 illam,
647 482 890 523 quamquam
917 466 1186 521 prohabilem,
1215 472 1340 505 ratam
1370 472 1410 505 ct
1436 466 1557 506 fixam
1572 464 1804 507 habeamus.
1856 464 2022 508 Dictum

224 542 284 574 cst
306 549 444 589 supra,
471 533 807 573 constructionem
832 532 947 573 verbi
975 533 1119 572 ducere
1145 545 1238 571 cum
1276 532 1469 585 Genffivo
1497 530 1692 580 nominis,
1720 544 1803 583 quo
1831 530 1935 570 illud
1960 547 2022 571 re·

225 598 390 648 feratur,
417 597 475 635 ibi
501 603 655 636 tantum
681 596 815 635 locum
840 595 1014 645 habere,
1049 594 1122 634 ubi
1149 594 1399 636 necessitatis
1426 600 1570 650 suopte
1598 592 1749 649 cuique
1769 591 1932 647 judicio
1960 593 2022 635 in-

219 661 387 713 junctae
412 660 525 700 notio
552 668 592 701 et
617 659 795 703 conditio
822 658 1044 698 accesserit.
1118 658 1272 713 Igitur,
1308 661 1367 700 uti
1394 667 1505 700 recte
1531 658 1804 699 abundantiae
1830 658 1897 699 vel
1924 673 2023 712 opu·

225 724 373 763 lentiae
399 738 484 762 esse
508 723 670 771 dicitur,
697 722 810 760 ludos
834 723 950 761 edere
977 728 1018 761 et
1042 719 1180 762 inania
1205 722 1371 764 honoris
1397 723 1532 765 colere
1560 730 1602 765 et
1628 727 1852 775 ostentare,
1880 721 1938 764 ita
1964 721 2023 763 lu·

224 789 267 828 di
291 787 569 827 moderationis
596 799 682 824 esse
709 793 942 839 nequeunt,
977 785 1168 839 quoniam
1204 786 1253 825 ab
1292 802 1339 827 ea
1373 788 1471 828 talia
1499 803 1582 827 non
1610 787 1903 841 requiruntur,
1938 802 2023 828 uon

225 851 354 905 magis
380 864 498 905 quam
526 862 549 886 a
575 847 830 901 parsimonia.
884 848 1012 889 Plane
1038 848 1165 903 igitur
1193 848 1301 891 deest
1329 850 1640 893 necessitudinis
1666 850 1904 902 vinculum,
1939 866 2022 906 quo

225 916 459 968 quicunque
481 912 682 963 ejusmodi
708 913 945 952 senteutiam
972 915 1138 966 profert,
1168 913 1267 953 duas
1294 915 1398 954 inter
1421 930 1465 955 se
1492 917 1580 956 sive
1613 930 1681 956 res
1717 916 1804 956 sive
1840 915 2022 956 actiones

226 991 427 1017 connexas
455 989 544 1017 csse
569 974 708 1018 sentit.
765 975 960 1028 Accedit,
995 976 1104 1031 quod
1130 977 1190 1018 rei
1214 979 1465 1033 peragendae
1484 995 1536 1020 ne
1553 980 1708 1021 mentio
1727 980 1895 1035 quidem
1915 981 2022 1021 iacta

227 1047 301 1090 est,
327 1039 436 1094 quod
462 1046 503 1079 et
529 1040 662 1094 ipsum
688 1039 738 1079 ab
765 1040 1054 1081 consuetudine
1080 1040 1243 1081 dicendi
1270 1040 1392 1096 louge
1418 1042 1627 1095 abhorret3
1653 1057 1750 1084 nam
1771 1043 1860 1083 ludi
1876 1043 2020 1099 utique

227 1110 267 1145 ct
282 1103 418 1144 inania
438 1102 603 1144 honoris
629 1117 681 1143 ex
707 1103 901 1143 institutis
927 1111 1023 1144 sunt
1037 1104 1317 1154 sollemnibus,
1344 1119 1447 1158 quae
1463 1106 1499 1145 si
1509 1107 1706 1160 Agricola
1722 1107 1808 1148 sive
1832 1107 2016 1147 modera-

226 1168 349 1207 tionis
374 1166 459 1206 sive
486 1166 753 1207 abundantiae
776 1166 917 1217 duxit,
944 1166 1051 1207 nihil
1077 1167 1194 1218 fecit,
1225 1167 1309 1208 nisi
1334 1168 1461 1209 animi
1487 1183 1650 1210 sensum
1674 1184 1876 1225 suumque
1900 1170 2034 1210 hisee*

227 1231 276 1272 de
302 1231 422 1270 rebus
442 1230 648 1283 judicium
675 1229 958 1273 manifestavit.
1010 1230 1149 1283 Quare
1174 1245 1257 1271 non
1283 1230 1436 1284 injusta
1462 1238 1532 1272 aut
1559 1247 1661 1272 vana
1678 1234 1783 1273 foret
1800 1233 2015 1283 dubitatio,

228 1301 332 1334 certe
342 1293 478 1347 siquis
497 1293 630 1333 verbis
641 1293 820 1347 pressius
834 1293 1004 1344 insistat,
1030 1308 1126 1333 num
1137 1293 1331 1348 Agricola
1357 1295 1476 1336 ludos
1501 1310 1595 1336 vere
1623 1296 1808 1349 ediderit,
1834 1310 1886 1336 an
1900 1295 2015 1337 non?

227 1357 453 1399 Nihilenim
464 1357 665 1411 prohibet,
682 1356 897 1410 quominus
915 1357 1117 1397 hominem
1142 1358 1368 1398 modestum
1394 1365 1436 1399 et
1461 1359 1758 1401 consideratum
1785 1360 1945 1401 assidua
1972 1367 2015 1401 et

228 1422 414 1477 diligenti
439 1436 566 1476 quum
593 1419 746 1474 ingenii
771 1421 837 1461 sui
861 1421 1001 1476 reique
1027 1421 1251 1473 familiaris,
1275 1429 1360 1463 tum
1384 1430 1608 1477 temporum
1625 1429 1666 1462 et
1683 1423 1836 1463 saeculi
1854 1438 2014 1464 morum

229 1486 514 1527 aestumatione
541 1484 643 1523 tacta
670 1498 720 1523 co
746 1483 962 1524 adductum
988 1485 1222 1538 cogitemus,
1247 1492 1293 1526 nt
1318 1486 1541 1527 rationibus
1570 1486 1688 1540 quasi
1713 1486 1925 1527 subductis
1946 1500 2012 1528 ae·

230 1565 310 1604 que
336 1564 379 1589 se
406 1554 609 1602 expertem
635 1547 805 1586 senserit
830 1547 1109 1587 moderationis
1136 1550 1351 1590 servandae
1386 1557 1506 1605 atque
1532 1549 1829 1600 abundantiae,
1881 1562 2013 1605 eoque

230 1614 380 1654 tactum
407 1626 508 1661 esse,
534 1617 579 1650 nt
599 1610 668 1650 ille
694 1625 858 1664 prorsus
884 1625 908 1650 a
933 1610 1040 1650 ludis
1065 1611 1232 1651 edendis
1261 1612 1461 1651 abstinere
1486 1612 1690 1662 maluerit,
1716 1626 1838 1664 quam
1856 1612 2014 1665 pericu·

231 1678 316 1716 lum
342 1675 497 1718 subire,
525 1673 591 1712 cui
621 1673 816 1727 imparem
841 1686 915 1712 sua
941 1673 1073 1727 ipsum
1100 1673 1343 1714 conscientia
1368 1680 1613 1728 coargueret.
1696 1673 1840 1729 ltaque
1866 1673 2016 1714 melius

232 1739 329 1780 huic
356 1738 447 1779 loco
473 1736 698 1777 consultum
726 1736 851 1777 fuisse
878 1737 1135 1786 crediderim,
1171 1737 1206 1776 si
1240 1738 1307 1777 cui
1341 1737 1559 1790 placuisset
1595 1751 1670 1791 pro
1703 1752 1777 1776 sua
1804 1737 2017 1777 divinandi

232 1802 419 1843 facultate
447 1800 661 1853 suspicari,
694 1813 792 1838 num
811 1800 913 1839 forte
930 1800 1125 1854 particula
1151 1806 1268 1857 atque
1292 1799 1478 1838 mutanda
1504 1798 1558 1839 sit
1584 1799 1629 1838 in
1656 1800 1813 1857 neque?
1826 1804 1867 1849 ⁷)
1921 1799 2016 1850 Qua

232 1866 313 1906 levi
340 1863 553 1903 admodum
582 1864 685 1902 sacta
712 1862 990 1902 immutatione
1016 1862 1213 1903 sententia
1240 1861 1422 1903 evaderet
1446 1862 1564 1901 haec:
1591 1861 1730 1902 Ludos
1750 1862 1911 1917 aliaque
1927 1861 2015 1903 vul·

234 1928 342 1983 garis
369 1926 598 1967 ambitionis
625 1925 755 1965 studia
782 1925 981 1978 ejusmodi
1008 1940 1094 1965 esse
1117 1927 1288 1977 censuit,
1314 1925 1462 1981 quibus
1490 1925 1542 1965 ad
1569 1925 1883 1966 moderationem
1898 1939 2016 1965 suam

235 1995 278 2033 in
304 1991 453 2045 vulgus
481 1989 815 2041 comprobandam
846 2003 888 2028 se
914 1989 1118 2028 incitatum
1145 1994 1324 2041 putaret,
1349 2002 1433 2028 non
1460 1988 1511 2028 ad
1537 1988 1786 2044 opulentiam
1812 1995 2015 2029 ostentan-

236 2057 339 2097 dam.
391 2053 476 2094 Cui
502 2052 720 2093 sententiae
748 2052 906 2102 cadem,
939 2052 989 2091 de
1015 2066 1095 2106 qua
1125 2051 1244 2111 niodo
1271 2051 1423 2092 dictum
1459 2058 1541 2103 est,
1566 2052 1697 2092 obstat
1731 2051 1951 2092 locutionis
1978 2059 2019 2094 et

236 2117 546 2162 constructionis
573 2115 726 2156 novitas
753 2122 792 2154 ct
819 2114 1056 2155 insolentia:
1094 2115 1179 2155 luds·
1203 2116 1308 2155 em‘m
1332 2115 1388 2155 ita
1412 2115 1657 2155 haberentur
1683 2114 1802 2170 quasi
1824 2128 1900 2169 pro
1923 2115 2020 2156 sub·

237 2182 356 2223 sidiis
379 2194 532 2237 proque
557 2178 844 2229 instrumentis,
870 2178 1018 2232 quibus
1045 2178 1264 2219 moderatio
1289 2177 1357 2218 vel
1382 2184 1622 2233 provocetur
1638 2177 1705 2219 vel
1720 2178 2021 2232 manifestetur3

238 2261 365 2303 eaque
402 2243 564 2285 dicendi
587 2242 689 2283 ratio
723 2256 887 2297 prorsus
911 2241 1130 2296 composita
1158 2243 1260 2283 foret
1285 2241 1337 2283 ad
1362 2242 1526 2282 modum
1552 2248 1776 2282 structurae
1801 2240 2019 2294 Sallustio,

238 2311 371 2362 Livio,
386 2308 611 2362 'facitoque
637 2305 1030 2361 frequentatissimae,
1056 2306 1187 2360 qualis
1217 2312 1276 2346 est
1308 2308 1524 2346 exercitum
1549 2306 1834 2359 opprimundae
1862 2306 2022 2348 liberta-

240 2378 289 2416 tis
315 2375 447 2415 habet.
503 2371 604 2413 Sall.
635 2370 710 2410 Or.
734 2369 845 2410 Phil.
873 2368 911 2411 3.
936 2391 988 2399 --
1039 2368 1185 2409 Valeat
1209 2368 1343 2423 itaque
1369 2368 1602 2421 moderatio,
1627 2370 1888 2423 quantumvis
1914 2370 2022 2412 bona

240 2446 278 2481 et
302 2437 425 2479 laude
449 2436 588 2490 digua,
612 2434 907 2488 retineaturquc
935 2437 1110 2473 vestusta
1137 2432 1288 2490 codicis
1314 2432 1531 2486 scripturae
1556 2433 1685 2473 modo.
1698 2434 1739 2482 ⁸)

285 2577 319 2619 Β)
339 2576 445 2610 Video
460 2577 542 2620 jam,
562 2576 645 2607 idem
664 2580 735 2606 ante
756 2584 807 2606 me
820 2576 1008 2616 suspicatum
1036 2582 1101 2603 esse
1122 2571 1281 2604 colam.
1313 2559 1427 2613 sCujus
1450 2571 1685 2602 adnotationem
1715 2571 1864 2603 inseram
1885 2575 2025 2616 reperies

341 2630 586 2665 Commentariis
606 2630 751 2661 editionis
772 2628 920 2661 Gronov.
939 2627 1115 2659 Amstelod.
1139 2624 1250 2660 16⁷2.
1268 2623 1347 2659 vol.
1362 2626 1413 2657 11.
1431 2636 1466 2668 p.
1487 2624 1574 2658 717.

286 2689 321 2729 ⁹)
341 2686 440 2728 Quod
460 2695 501 2715 ne
521 2685 672 2715 audacius
692 2686 786 2724 atque
805 2683 947 2724 asperius
975 2693 995 2712 a
1023 2691 1072 2712 me
1102 2680 1219 2711 dictum
1238 2679 1403 2711 nonnullis
1422 2679 1585 2717 videatur,
1618 2689 1741 2710 vereor.
1786 2679 1872 2711 Nam
1902 2687 2028 2725 praeter

347 2739 540 2774 Obeninm
557 2738 650 2778 etiam
666 2737 706 2771 J,
720 2735 890 2769 Bekkem
906 2735 1114 2769 moderatio-⁸⁸⁰
1132 2735 1228 2773 favet,
1248 2733 1420 2777 repudiatis
1429 2737 1459 2764 et
1466 2733 1602 2766 modoet
1612 2734 1733 2771 nediu,
1748 2739 1779 2766 et
1788 2735 2028 2770 menschen-‚in
